1926 3219
153 278 194 307 13
221 269 519 324 prodidissent.

174 1326 194 1354 3
222 1336 329 1363 eum.

220 104 276 146 32
678 103 820 138 LIBER
846 103 991 137 XXVII.

1044 102 1145 137 CAP.
1176 106 1228 137 16.
1258 107 1311 138 17.

1617 122 1642 140 a.
1662 123 1689 142 u.
1709 116 1770 142 545.

220 212 372 266 punita
410 211 462 252 iis
500 211 644 264 priora
682 210 793 262 fore,
831 209 866 249 si
897 208 1195 261 Metapontum
1234 222 1328 249 cum
1367 209 1580 263 praesidio
1613 208 1773 251 Punico

589 267 748 308 Fabius
794 280 902 319 quae
949 266 1164 306 adferrent
1206 279 1309 306 vera
1351 281 1442 308 esse
1486 271 1606 309 ratus
1650 267 1776 321 diem,

220 343 304 382 qua
349 340 594 369 accessurus
642 326 753 365 esset
798 323 1117 378 Metapontum,
1163 324 1386 365 constituit
1427 325 1678 380 litterasque
1722 325 1775 366 ad

153 394 195 423 14
222 387 436 441 principes
469 384 604 437 dedit,
636 396 744 436 quae
777 381 830 422 ad
861 381 1156 423 Hannibalem
1189 382 1354 423 delatae
1387 386 1497 424 sunt.

1559 386 1774 426 enimvero

218 445 354 486 laetus
400 455 594 483 successu
638 440 819 493 fraudis,
865 441 899 481 si
943 455 995 482 ne
1033 440 1192 482 Fabius
1238 440 1408 494 quidem
1451 441 1548 482 dolo
1592 444 1775 484 invictus

152 507 192 536 15
220 503 392 555 fuisset,
428 500 543 541 haud
581 499 731 554 procul
763 498 1017 554 Metaponto
1056 499 1231 540 insidias
1270 499 1404 553 ponit.

1465 498 1599 541 Fabio
1639 502 1775 554 auspi-

221 561 352 614 canti,
396 559 647 614 priusquam
685 557 960 613 egrederetur
999 558 1051 599 ab
1090 558 1295 611 Tarento,
1340 572 1438 599 aves
1478 558 1609 598 semel
1649 561 1776 613 atque

220 620 377 660 iterum
417 632 505 659 non
543 616 814 670 addixerunt3
853 616 999 658 hostia
1036 631 1204 671 quoque
1245 630 1366 658 caesa
1405 615 1644 658 consulenti
1676 617 1776 658 deos

220 677 436 731 haruspex
475 675 708 717 cavendum
748 690 772 715 a
811 675 959 716 fraude
1000 675 1148 715 hostili
1191 679 1232 716 et
1271 675 1323 716 ab
1356 675 1520 715 insidiis
1553 673 1778 728 praedixit.

151 740 193 770 16
220 735 525 790 Metapontini,
560 737 791 789 postquam
824 733 877 774 ad
910 733 1186 774 constitutam
1219 748 1306 775 non
1337 736 1514 775 venerat
1546 733 1678 786 diem,
1716 747 1778 774 re-

219 795 354 848 missi,
385 796 433 835 ut
461 796 732 835 cunctantem
758 791 1046 844 hortarentur,
1079 806 1127 834 ac
1153 796 1328 846 repente
1355 791 1636 846 conprehensi
1661 793 1779 832 metu

221 853 431 909 gravioris
465 851 728 906 quaestionis
761 850 967 904 detegunt
997 850 1188 891 insidias.

341 911 534 952 Aestatis
567 910 655 949 eius
687 908 917 963 principio,
949 922 1033 962 qua
1064 907 1168 949 haec
1201 909 1451 963 agebantur,
1482 907 1527 949 P.
1561 906 1702 962 Scipio
1735 909 1780 949 in

219 970 432 1024 Hispania
459 983 556 1009 cum
581 967 765 1008 hiemem
792 969 931 1007 totam
963 967 1289 1008 reconciliandis
1316 967 1596 1008 barbarorum
1624 967 1778 1007 animis

219 1029 377 1084 partim
417 1027 538 1068 donis
577 1026 735 1080 partim
777 1025 1028 1066 remissione
1072 1025 1268 1066 obsidum
1313 1026 1663 1079 captivorumque
1708 1025 1779 1066 ab·

221 1087 489 1141 sumpsisset,
521 1085 686 1126 Edesco
715 1084 768 1125 ad
801 1098 898 1124 eum
930 1083 1068 1125 clarus
1102 1085 1213 1124 inter
1245 1084 1370 1124 duces
1397 1082 1616 1137 Hispanos
1649 1083 1781 1125 venit.

222 1155 344 1187 erant
376 1145 559 1186 coniunx
591 1144 800 1197 liberique
833 1143 922 1184 eius
956 1142 1067 1196 apud
1099 1142 1336 1195 Romanos,
1379 1142 1451 1182 sed
1484 1144 1653 1195 praeter
1685 1156 1781 1183 eam

221 1219 395 1246 causam
428 1205 558 1244 etiam
589 1202 708 1243 velut
738 1201 919 1243 fortuita
951 1202 1174 1242 inclinatio
1201 1201 1456 1254 animorum,
1487 1214 1595 1254 quae
1627 1199 1781 1254 Hispa-

221 1264 337 1304 niam
370 1275 539 1303 omnem
573 1263 787 1302 averterat
820 1259 873 1300 ad
898 1259 1143 1301 Romanum
1176 1274 1200 1300 a
1232 1259 1392 1300 Punico
1425 1259 1617 1313 imperiO,
1648 1259 1783 1299 traxit

406 1320 553 1362 eadem
599 1334 729 1360 causa
772 1318 947 1360 Indibili
991 1318 1308 1372 Mandonioque
1353 1318 1452 1371 fuit,
1496 1316 1610 1357 haud
1654 1316 1782 1358 dubie

221 1380 359 1421 omnis
391 1378 627 1433 Hispaniae
659 1377 940 1432 principibuS,
972 1392 1067 1418 cum
1101 1377 1218 1418 omni
1251 1376 1524 1431 popularium
1557 1389 1686 1416 manu
1718 1389 1782 1425 ress

220 1439 324 1480 licto
351 1437 620 1479 Hasdrubale
647 1436 867 1477 secedendi
900 1437 944 1476 in
976 1435 1239 1476 imminentis
1272 1435 1422 1476 castris
1456 1434 1547 1474 eius
1578 1434 1782 1487 tumulos,

222 1497 332 1538 unde
372 1511 448 1550 per
487 1495 749 1536 continentia
788 1495 890 1549 iuga
927 1497 1046 1535 tutus
1086 1498 1282 1548 receptus
1322 1493 1374 1534 ad
1407 1492 1625 1534 Romanos
1659 1494 1783 1533 esset.

175 1559 196 1588 4
223 1555 480 1608 Hasdrubal,
513 1568 608 1595 cum
639 1554 830 1595 hostium
862 1567 929 1594 res
961 1553 1094 1593 tantis
1129 1566 1358 1607 augescere
1391 1551 1664 1592 incrementis
1698 1565 1782 1591 cer-

222 1618 352 1668 neret,
385 1628 483 1654 suas
516 1612 727 1666 imminui,
759 1625 808 1652 ac
839 1612 930 1652 fore
963 1614 1022 1665 ut,
1053 1611 1136 1652 nisi
1169 1610 1361 1651 audendo
1395 1609 1555 1663 aliquid
1581 1611 1784 1663 moveret,

223 1688 307 1728 qua
339 1673 598 1727 coepissent,
631 1671 824 1724 fluerent,
856 1670 1056 1711 dimicare
1090 1684 1217 1724 quam
1251 1669 1436 1723 primum
1470 1668 1634 1709 statuit.

272 1828 325 1857 13.
351 1823 460 1864 diem,
504 1833 577 1866 qua
614 1831 822 1856 accessurus
864 1820 963 1865 esset]

222 1869 513 1915 gewohnlicher:
551 1880 624 1913 qua
663 1869 721 1903 die
759 1878 966 1902 accessurus

222 1921 319 1960 esset,
345 1917 549 1958 constituit3
575 1915 738 1950 dieselbe
770 1915 967 1959 Wendung

223 1975 333 2008 sogar
358 1964 410 1997 im
436 1962 631 1997 Indikativ.
660 1974 691 1997 c.
717 1967 772 2006 50,
793 1966 824 1996 3.

273 2015 327 2045 15.
354 2021 435 2045 aves
462 2030 505 2034 -—
531 2021 605 2044 mm
631 2009 871 2060 addixerunt]
906 2008 966 2042 die

223 2058 386 2102 heiligen
411 2057 566 2091 Hfihner
589 2057 715 2100 (pulli)
739 2066 967 2100 verweigern

223 2117 266 2139 zu
292 2105 449 2146 fressen3
476 2104 595 2138 woffir
615 2103 786 2137 offizielle
806 2102 969 2137 Fornicl:

223 2163 297 2187 ‘non
329 2152 528 2192 adclicmzt;
559 2150 670 2184 freier
696 2161 777 2184 aves
807 2159 882 2184 ‘non
908 2149 970 2183 acl-

224 2199 380 2233 mittunt.

271 2246 374 2280 semel
388 2249 494 2289 atque
507 2244 652 2289 iterum]
683 2243 741 2278 die
758 2243 970 2287 Bcfragung

227 2292 290 2327 des
306 2291 579 2327 Gotterwillens
599 2291 723 2325 wurde
743 2290 970 2334 fortgesetzt,

225 2339 282 2373 bis
309 2339 483 2383 gunstige
507 2337 664 2372 Zeichen
691 2337 768 2372 sich
795 2337 968 2382 ergaben.

224 2385 298 2431 vgl.
327 2397 356 2420 c.
383 2389 439 2428 23,
462 2389 496 2419 4.

275 2437 327 2467 16.
338 2433 519 2476 arctioris
526 2431 762 2476 quaestionis]
774 2430 857 2474 „die
865 2430 968 2474 pein—

224 2479 321 2514 liche
338 2479 492 2523 Frage“.
519 2478 748 2513 d.h.'l'ortur.
771 2477 968 2521 vgl.e.3‚5.

224 2527 430 2571 quaestione
454 2526 588 2560 acriter
611 2525 749 2559 habita.

273 2584 303 2608 c.
333 2572 487 2609 17—20.
524 2572 601 2606 Die
634 2572 753 2614 Lage
786 2571 830 2604 in
863 2570 969 2614 Spa—

226 2620 347 2663 nien3
394 2619 613 2654 Schlacht
648 2618 722 2652 bei
759 2617 969 2652 Baecula.

275 2672 305 2701 1.
333 2667 457 2711 Scipio
489 2678 568 2700 eum
594 2686 638 2690 —
664 2665 820 2710 Edesco]
876 2664 970 2698 auch

228 2725 334 2748 wenn
359 2714 424 2748 das
445 2712 602 2757 Subjekt
628 2712 691 2746 des
711 2711 972 2747 Vol-dersatzes

227 2771 300 2794 von
308 2760 390 2794 dem
408 2761 471 2794 des
479 2759 724 2804 Hauptsatzes
732 2758 973 2793 verschieden

229 2806 288 2849 ist,
314 2806 403 2840 lasst
421 2807 499 2841 Liv.
523 2807 628 2850 jenes
653 2806 711 2840 die
731 2805 885 2840 Periode
910 2804 973 2839 be-

227 2853 365 2897 ginnen
401 2854 475 2887 und
519 2854 576 2887 die
616 2853 870 2898 Konjunktion
908 2863 972 2885 un-

1698 1666 1783 1708 Sci-

1038 1819 1229 1854 mittelbar
1243 1818 1384 1863 folgen:
1413 1829 1442 1853 o.
1460 1822 1514 1859 16,
1529 1821 1631 1852 3-4.
1662 1816 1781 1852 Phile-

1038 1877 1173 1908 menus,
1198 1877 1277 1900 eum
1305 1887 1346 1891 —
1373 1875 1493 1910 equus.

1086 1914 1247 1948 coniunx
1285 1932 1330 1937 -—-
1368 1913 1468 1956 apud
1493 1910 1695 1956 Romanos]
1728 1909 1781 1944 sie

1039 1970 1163 1994 waren
1190 1960 1302 1994 ihnen
1337 1971 1380 1993 zu
1411 1956 1715 2001 Neu—Carthago
1746 1956 1785 1991 in

1039 2007 1098 2041 die
1123 2007 1254 2041 Hande
1280 2006 1452 2051 gefallen.

1087 2058 1119 2088 3.
1146 2054 1247 2088 haud
1259 2053 1383 2098 dubie]
1410 2053 1447 2087 in
1464 2050 1704 2095 Verbindung
1717 2049 1785 2084 mit

1042 2100 1173 2135 Verbis
1199 2101 1274 2134 und
1300 2099 1521 2135 Nominibus
1550 2097 1634 2133 sehr
1659 2098 1714 2132 oft
1739 2113 1783 2126 =

1042 2147 1260 2187 zweifellos,
1288 2145 1694 2186 anerkanntemassem
1720 2153 1785 2178 ozee

1042 2195 1149 2229 dubie
1173 2194 1249 2228 und
1271 2194 1400 2238 procul
1422 2193 1531 2227 dubio
1557 2191 1679 2226 finden
1705 2190 1784 2224 sich

1042 2241 1211 2285 dagegcn
1248 2241 1308 2275 bei
1344 2239 1421 2274 Liv.
1460 2251 1528 2273 nur
1561 2239 1599 2283 je
1635 2236 1784 2281 einmal,

1041 2289 1118 2322 sine
1143 2288 1252 2322 (lubio
1277 2298 1346 2331 gar
1370 2286 1483 2320 nicht.

1089 2339 1120 2369 4.
1149 2345 1332 2378 auyescerc
1339 2331 1582 2377 incrementis]
1598 2331 1646 2366 ist
1654 2330 1784 2365 Varia-

1039 2381 1120 2416 tion
1152 2381 1217 2415 der
1248 2382 1370 2424 fifflira
1401 2379 1634 2425 etymoloyica
1675 2378 1784 2412 statt:

1041 2439 1191 2462 crescere
1227 2429 1455 2462 incrementis
1492 2426 1581 2460 oder
1618 2425 1785 2459 auctibus

1042 2476 1177 2519 auyeri.
1228 2475 1288 2518 29,
1309 2478 1365 2518 27,
1386 2479 1418 2509 3.
1445 2473 1479 2517 4,
1500 2477 1532 2516 2,
1553 2477 1584 2507 2.

1089 2522 1232 2566 aliquid
1280 2521 1445 2566 moveret]
1495 2519 1605 2559 nihil,
1644 2517 1785 2562 aliquid

1041 2580 1176 2603 movere
1207 2569 1255 2603 ist
1290 2569 1466 2603 stehcnde
1497 2564 1696 2607 WVendung
1727 2564 1786 2597 fiir

1042 2616 1259 2660 politisches
1277 2615 1368 2649 oder
1380 2611 1639 2648 militarisehes
1652 2611 1784 2645 Unter-

1044 2663 1220 2697 nehmen:
1266 2662 1370 2706 „eine
1414 2659 1628 2702 Wendung,
1678 2657 1784 2692 einen

1046 2710 1296 2752 Umschwung
1308 2707 1631 2750 herv01·bringen“.
1652 2715 1678 2738 c.
1698 2707 1783 2746 17‚8

1044 2757 1139 2791 nihil
1162 2756 1311 2790 maioris
1334 2755 1387 2788 rei
1411 2757 1554 2787 motum.

1091 2814 1162 2847 qua
1184 2802 1386 2846 coepissent,
1406 2799 1570 2843 fluerent]
1587 2815 1630 2826 =
1645 2797 1706 2840 „in
1720 2796 1785 2831 der

1045 2850 1285 2894 begonnenen
1323 2847 1510 2891 Richtung
1546 2844 1673 2879 weiter
1711 2854 1784 2878 zer-
