1926 3219
139 1296 180 1326 17
208 1287 344 1329 cinius
378 1291 420 1328 et
452 1288 507 1329 M.
541 1289 733 1332 Helvius.

135 1467 184 1503 13

206 73 263 114 24
665 74 809 109 LIBER
834 76 980 112 XXVII.
1033 76 1133 112 CAP.
1162 81 1215 111 12.
1244 82 1297 113 13.

207 184 281 222 est.

206 238 382 280 munita.

1602 101 1627 119 a.
1648 101 1675 119 u.
1695 95 1765 121 545.

345 184 486 222 eastra
523 182 675 236 exiguo
715 183 921 223 distantia
959 182 1096 236 spatio
1135 183 1294 236 raptim
1333 187 1431 226 ante
1462 188 1633 227 noctem
1664 202 1760 241 per-

322 296 499 338 Postero
532 297 597 336 die
630 297 721 337 luce
752 297 892 349 prima
916 296 1144 339 Marcellus
1175 298 1222 338 in
1253 299 1387 340 aciem
1419 302 1560 355 copias
1595 302 1760 358 eduxit3

204 368 282 395 nec
320 354 540 395 Hannibal
577 354 833 395 detractavit
870 357 1085 396 certamen
1128 356 1278 397 multis
1318 357 1460 399 verbis
1504 360 1755 403 adhortatus

205 412 383 465 milites,
427 415 473 452 ut
510 425 720 453 memores
758 412 1041 455 Trasumenni
1080 412 1408 469 Cannarumque
1451 419 1757 461 contunderent

138 479 179 509 12
206 470 408 511 ferociam
445 469 602 510 hostis:
644 484 794 525 urgere
833 474 960 526 atque
998 473 1161 514 instare
1200 487 1313 527 eum,
1350 487 1437 514 non
1474 475 1555 515 iter
1586 477 1754 530 quietos

206 528 356 580 facere,
381 542 469 568 non
496 531 637 570 cast-ra
663 543 822 583 ponere
847 531 951 584 pati,
977 545 1063 573 non
1090 531 1300 586 respirare
1322 533 1395 572 aut
1415 532 1757 590 circumspicere3

206 586 360 628 cotidie
399 586 526 626 simul
564 588 772 629 orientem
811 589 944 630 solem
983 592 1025 630 et
1063 589 1304 631 Romanam
1343 590 1477 631 aciem
1515 590 1559 631 in
1597 594 1760 647 campis

139 653 181 684 13
207 644 434 685 videndam
461 658 571 686 esse:
605 646 640 687 si
667 661 751 688 uno
784 647 945 701 proelio
979 647 1093 689 haud
1125 649 1372 690 incruentus
1405 649 1543 702 abeat,
1575 650 1761 704 quietius

206 702 355 743 deinde
387 704 742 759 tranquilliusque
783 720 877 747 eum
916 706 1190 748 bellaturum.
1250 707 1318 748 his
1359 707 1527 748 inritati
1565 707 1764 750 adhorta-

204 761 393 803 tionibus
433 762 643 818 simulque
681 764 823 805 taedio
862 763 1045 806 ferociae
1083 765 1273 806 hostium
1311 765 1464 807 cotidie
1508 766 1762 808 instantium

137 828 179 858 14
204 819 592 875 lacessentiumque
631 822 786 863 acriter
824 823 1034 876 proelium
1071 823 1232 864 ineunt.

1300 826 1538 879 pugnatum
1577 826 1762 879 amplius

204 878 368 919 duabus
394 879 513 920 horis
540 882 622 933 est3
661 880 807 921 cedere
833 880 930 921 inde
957 881 1010 922 ab
1037 881 1242 922 Romanis
1270 882 1417 924 dextra
1449 883 1518 924 ala
1550 886 1592 924 et
1625 886 1760 925 extra-

204 937 409 978 ordinarii
441 951 628 992 coepere.
689 938 800 993 quod
832 939 907 980 ubi
932 938 1161 981 Marcellus
1193 939 1311 994 vidit,
1344 940 1761 984 duodevicensimam

137 1003 178 1034 15
205 995 418 1050 legionem
457 1010 501 1036 111
537 997 722 1050 primam
763 998 897 1039 aciem
929 998 1102 1039 inducit.

1165 998 1264 1039 dum
1296 998 1370 1038 alii
1401 1000 1564 1053 trepide
1596 1000 1763 1054 cedunt,

207 1053 279 1094 alii
314 1054 503 1108 segniter
535 1055 731 1110 subeunt,
763 1056 938 1097 turbata
964 1059 1059 1098 tota
1086 1057 1195 1098 acies
1223 1059 1299 1110 est,
1331 1056 1428 1097 dein
1453 1072 1628 1111 prorsus
1654 1059 1766 1113 fusa,

136 1121 178 1152 16
207 1115 249 1152 εὴ
287 1113 482 1154 vincente
519 1113 726 1167 pudorem
764 1118 883 1156 metu
921 1117 1043 1170 terga
1080 1115 1252 1156 dabant.

1323 1115 1510 1157 cecidere
1542 1117 1586 1157 in
1617 1131 1764 1173 pugna

205 1170 391 1226 fugaque
431 1171 483 1212 ad
523 1172 606 1214 duo
646 1173 766 1214 milia
807 1176 848 1214 et
886 1174 1148 1229 septingenti
1180 1174 1334 1215 civium
1367 1174 1681 1230 sociorumque3
1718 1176 1764 1216 in

205 1229 259 1270 iis
294 1232 496 1283 quattuor
527 1230 711 1272 Romani
745 1233 1030 1284 centuriones,
1062 1233 1144 1274 duo
1177 1232 1342 1273 tribuni
1374 1232 1574 1287 militum,
1605 1233 1662 1275 M.
1694 1233 1763 1275 Li-

796 1291 921 1346 signa
952 1291 1158 1332 militaria
1191 1293 1393 1346 quattuor
1425 1291 1474 1332 de
1509 1292 1593 1345 ala,
1625 1292 1766 1346 prima

207 1361 315 1400 quae
341 1346 466 1402 fugit,
497 1347 579 1389 duo
614 1348 665 1389 de
696 1349 878 1404 legione,
911 1364 1019 1404 quae
1052 1349 1297 1391 cedentibus
1331 1350 1456 1391 sociis
1490 1353 1767 1406 successerat,

205 1405 374 1446 amissa.

327 1462 576 1519 Marcellus,
620 1468 847 1520 postquam
894 1467 938 1508 in
983 1469 1126 1508 castra
1171 1467 1356 1507 reditum
1398 1469 1476 1520 est,
1519 1468 1765 1509 contionem

207 1521 311 1563 adeo
347 1537 518 1563 saevam
551 1526 676 1577 atque
717 1525 917 1566 acerbam
957 1525 1069 1578 apud
1107 1525 1266 1566 milites
1304 1525 1473 1575 habuit,
1511 1527 1559 1566 ut
1599 1527 1763 1580 proelio

206 1594 281 1634 per
312 1580 423 1621 diem
454 1584 593 1622 totum
619 1582 847 1624 infeliciter
871 1584 1057 1625 tolerato
1083 1583 1251 1624 tristior
1277 1583 1329 1624 iis
1355 1584 1454 1624 irati
1480 1583 1597 1624 ducis
1625 1585 1765 1626 oratio

160 1647 180 1678 2
208 1642 330 1680 esset.

390 1639 481 1693 „dis
514 1640 850 1696 immortalibus,
883 1644 930 1683 ut
961 1642 1006 1682 in
1037 1641 1115 1683 tali
1145 1656 1208 1696 re,
1238 1642 1386 1683 laudes
1421 1643 1673 1697 gratesque“
1704 1643 1765 1685 in-

207 1697 299 1751 quit
335 1712 460 1753 ,‚ago,
499 1699 612 1753 quod
650 1700 788 1741 victor
825 1700 962 1742 hostis
1004 1715 1099 1742 cum
1131 1703 1252 1742 tanto
1285 1715 1442 1754 pavore
1479 1701 1764 1743 incidentibus

256 1840 309 1870 12.
348 1847 421 1872 non
468 1839 646 1882 respirare
689 1843 754 1874 aut
797 1840 947 1874 circum-

205 1883 354 1927 spicere]
401 1883 590 1929 abhangig
628 1897 700 1920 von
731 1887 826 1930 pati.
872 1887 946 1931 vgl.

207 1929 240 1972 S,
256 1933 375 1972 38,11.
390 1931 467 1965 sine
480 1933 719 1976 respiratione
733 1944 775 1968 ac
790 1938 948 1978 respecta

199 1977 430 2022 puynabant.

255 2040 307 2070 13.
322 2036 422 2070 haud
436 2037 645 2072 incruentas
653 2038 773 2082 abeat]
790 2038 884 2080 „mit
892 2050 945 2073 91--

205 2081 416 2117 heblichem
437 2082 625 2127 Verlust“;
646 2084 713 2119 auf
729 2084 787 2118 die
809 2085 946 2120 Person

206 2129 438 2174 tibertragen‚
460 2130 528 2165 wie
543 2131 632 2173 hier,
653 2132 688 2175 9,
706 2135 758 2173 17,
778 2135 830 2166 16.
846 2143 947 2176 quem

206 2195 249 2200 -
277 2177 488 2211 incruentus
513 2178 652 2213 devicit.
679 2189 713 2213 u.
735 2179 770 2220 4,
791 2182 845 2220 28,
868 2182 898 2213 7.

255 2238 308 2268 14.
348 2235 505 2278 amplius
554 2236 697 2271 (luobus
744 2237 857 2282 horis]
903 2254 946 2266 =

206 2282 364 2324 amplius
389 2282 482 2316 (luas
506 2283 623 2317 horas.
656 2282 716 2326 44,
736 2287 792 2326 45,
814 2287 845 2318 4.
873 2295 947 2318 am-

202 2328 306 2371 plius
331 2329 474 2363 duabus
498 2330 671 2365 noctibus.

253 2387 558 2433 extraordinarii]
593 2399 657 2423 aus
689 2388 760 2423 den
786 2389 948 2424 Bundes-

205 2443 386 2477 genossen
413 2433 505 2468 wird
530 2445 602 2470 von
622 2436 687 2470 der
706 2435 868 2471 Reiterei
889 2437 948 2471 ein

205 2480 356 2521 Drittel,
408 2491 480 2515 von
529 2481 613 2516 dem
663 2482 838 2517 Fussvolk
889 2483 948 2518 9111

203 2525 946 2573 FfinftelalsElitekorpsausgeschieden,

207 2573 265 2608 die
287 2574 409 2609 cohors
435 2577 744 2617 extraordinaria,
771 2576 829 2611 die
856 2576 950 2611 auch

206 2620 256 2654 im
289 2620 409 2665 Lager
446 2621 553 2657 einen
584 2622 811 2658 besonderen
846 2624 950 2658 Platz

207 2667 282 2701 hat.
341 2668 373 2710 7,
410 2673 440 2712 τ,
474 2673 504 2703 9.
532 2668 593 2713 34,
614 2674 669 2712 47,
692 2674 723 2704 3.

256 2730 310 2759 15.
352 2727 510 2762 vincente
518 2729 696 2772 pudorem
709 2729 817 2774 metu]
827 2731 950 2774 pudor

208 2787 251 2799 =
265 2771 490 2816 Ehrgefi'ihh
506 2775 578 2819 vgl.
596 2775 655 2820 28,
673 2780 726 2819 15,
742 2780 773 2811 9.
790 2778 950 2813 vincente

207 2821 299 2852 metu
326 2821 586 2855 verecundiam.

1070 1844 1124 1875 16.
1170 1841 1218 1875 acl
1257 1861 1300 1865 —
1341 1838 1572 1884 septinyenti]
1611 1842 1660 1876 ad
1697 1853 1766 1876 vor

1021 1888 1275 1922 Zahlwfirtern
1295 1887 1387 1922 wird
1405 1886 1466 1921 bei
1486 1885 1565 1919 Liv.
1587 1899 1627 1923 so
1647 1888 1767 1933 vffllig

1021 1947 1102 1968 zum
1126 1934 1292 1976 Adverb,
1326 1933 1404 1969 dass
1438 1945 1475 1969 es
1507 1932 1579 1967 den
1609 1935 1766 1970 Einfluss

1021 1981 1088 2015 auf
1109 1981 1169 2016 die
1191 1981 1365 2016 Struktur
1389 1980 1540 2015 verliert
1558 1983 1634 2016 und
1654 1994 1765 2027 sogar

1021 2027 1082 2062 bei
1103 2028 1187 2062 dem
1207 2029 1288 2063 Abl.
1305 2028 1417 2063 absol.
1441 2025 1550 2063 steht.
1584 2030 1643 2072 22,
1659 2033 1716 2073 31,
1731 2033 1763 2065 5.

1019 2076 1068 2110 ad
1094 2076 1189 2110 mille
1212 2076 1396 2110 hominum
1422 2075 1563 2111 amisso.

1070 2126 1122 2156 17.
1149 2123 1276 2165 prima
1307 2134 1398 2166 quae
1427 2124 1540 2170 fug-it]
1574 2136 1637 2159 zur
1668 2122 1763 2158 Stel-

1019 2168 1111 2212 lung
1143 2169 1208 2203 des
1240 2169 1466 2204 Zahlwortes
1494 2170 1566 2216 vgl.
1599 2182 1628 2206 c.
1653 2175 1708 2213 11,
1729 2174 1763 2204 7.

1021 2217 1124 2251 ambo
1155 2217 1218 2259 qui
1243 2236 1287 2240 -
1313 2217 1470 2258 fuerant.

1069 2272 1103 2297 c.
1127 2262 1184 2305 13,
1207 2266 1239 2296 2.
1283 2267 1323 2296 ut
1351 2264 1389 2297 in
1414 2264 1482 2298 tali
1506 2264 1558 2309 re]
1586 2274 1649 2306 „so
1676 2263 1765 2298 weit

1021 2320 1059 2344 es
1091 2309 1129 2343 in
1161 2309 1262 2344 einer
1293 2309 1444 2344 solchen
1468 2311 1567 2355 Lage
1600 2309 1764 2354 moglich

1020 2356 1103 2390 ist“.
1154 2356 1223 2390 Die
1243 2356 1406 2391 Partike]
1435 2361 1475 2392 ut
1496 2359 1561 2393 hat
1580 2358 1619 2392 in
1638 2358 1763 2402 Appo-

1022 2403 1180 2437 sitionen
1223 2402 1342 2437 dieser
1379 2404 1489 2438 Form
1530 2405 1640 2439 meist
1682 2403 1762 2438 eine

1021 2449 1214 2484 vokalisch
1258 2450 1482 2486 anlautende
1529 2450 1764 2496 Praposition

1021 2496 1142 2531 hinter
1169 2496 1257 2531 sich.

1071 2544 1196 2578 laudes
1211 2544 1411 2589 yratesque]
1434 2544 1623 2580 feierliche
1638 2543 1761 2578 Wort-

1023 2590 1255 2635 verbindung
1286 2602 1360 2626 von
1391 2592 1474 2626 dem
1507 2591 1576 2625 den
1605 2589 1763 2625 Gottern

1023 2637 1289 2681 geschuldeten
1316 2637 1456 2672 Danke.
1500 2637 1559 2680 26,
1581 2641 1638 2681 48,
1659 2642 1690 2671 3.
1705 2638 1763 2672 dis

1023 2685 1285 2719 immortalibus
1313 2685 1437 2719 laudes
1470 2689 1656 2729 yratesque
1682 2684 1760 2728 eyit.

1069 2732 1313 2766 incidentibus
1350 2751 1393 2756 —
1432 2732 1472 2765 in
1508 2731 1659 2776 vallum]
1697 2730 1764 2764 das

1022 2789 1094 2812 von
1107 2778 1333 2812 Fliehenden
1352 2778 1477 2823 hiiufig
1497 2776 1760 2823 angewendete

1023 2825 1178 2860 incidere
1203 2824 1269 2860 hat
1293 2824 1331 2858 in
1358 2824 1497 2859 diesem
1519 2824 1629 2859 Sinne
1657 2824 1762 2858 sonst
