1926 3219
187 128 213 147 ι.
233 119 287 146 ch.
307 121 366 146 210.
665 106 808 142 LIBER
839 106 986 142 XXVII.
1039 106 1137 141 CAP.
1168 111 1198 140 1.
1225 110 1256 141 2.
1712 107 1736 148 3

186 214 413 269 conloquia
457 214 625 256 occulta
669 215 868 256 habuisse
906 214 1112 268 comperti
1151 216 1262 254 sunt.
1330 211 1531 266 Romani,
1580 213 1650 267 qui
1691 218 1811 254 ex15

185 275 309 315 tanta
347 272 466 314 clade
506 277 750 327 evaserant,
795 273 972 314 diversis
1010 272 1234 314 itineribus
1273 285 1500 313 semermes
1541 271 1591 312 ad
1630 271 1741 312 Mar-

185 331 339 373 cellum
373 332 588 373 consulem
622 332 665 373 in
699 331 918 373 Samnium
951 331 1243 386 perfugerunt.

303 389 531 431 Marcellus
580 390 689 431 nihil
739 391 967 432 admodum
1015 393 1138 431 tanta
1189 388 1306 430 clade
1350 388 1524 429 territus
1568 387 1736 429 litteras
1764 388 1786 423 2

184 447 366 489 Romam
416 448 466 489 ad
515 452 709 490 senatum
754 448 803 490 de
848 448 951 490 duce
989 451 1117 502 atque
1156 448 1339 488 exercitu
1379 446 1430 487 ad
1468 446 1739 488 Herdoneam

185 507 343 548 amisso
377 507 545 560 seribit3
585 511 770 548 ceterum
803 506 981 547 eundem
1015 520 1073 557 se,
1114 506 1185 559 qui
1224 509 1323 559 post
1362 504 1627 546 Cannensem
1665 521 1738 559 pu·
1767 509 1786 539 2

183 579 311 620 gnam
335 565 519 607 ferocem
542 565 723 606 victoria
741 562 1030 605 Hannibalem
1052 563 1302 616 contuderit,
1329 564 1389 604 ire
1411 563 1612 604 adversus
1633 578 1740 618 eum,

182 623 354 665 brevem
380 624 441 665 illi
468 623 693 672 laetitiam,
724 637 806 677 qua
833 622 1001 675 exultet,
1027 621 1251 662 facturum.
1314 625 1355 661 et
1381 621 1541 663 Romae
1569 622 1738 676 quidem
1766 628 1785 656 3

182 696 277 723 cum
316 682 454 724 luctus
487 682 637 735 ingens
670 695 720 721 ex
753 681 1004 734 praeterito,
1042 683 1132 721 tum
1166 680 1296 720 timor
1327 679 1371 719 in
1404 679 1595 721 futurum
1630 684 1738 735 erat3
1765 687 1785 715 4

184 743 229 782 at
261 740 410 782 consul
443 753 493 779 ex
520 737 692 780 Samnio
725 740 768 779 in
794 737 990 780 Lucanos
1016 742 1310 792 transgressus
1339 737 1390 778 ad
1418 737 1739 780 Numistronem

181 799 226 839 in
252 799 483 851 conspectu
503 796 760 838 Hannibalis
787 797 883 839 loco
910 798 1052 851 plano,
1080 812 1174 838 eum
1196 796 1363 838 Poenus
1390 796 1542 837 collem
1567 800 1740 851 teneret,

179 856 325 910 posuit
363 858 517 897 castra.
581 856 744 897 addidit
781 859 824 897 et
862 857 989 898 aliam
1026 855 1197 896 fidentis
1237 855 1439 908 speciem,
1478 855 1590 908 quod
1622 856 1739 909 prior
1765 872 1785 890 ›

178 915 222 956 in
265 915 399 956 aciem
444 913 606 967 eduxit3
648 929 727 956 nec
773 915 1029 956 detractavit
1065 913 1302 967 Hannibal,
1347 916 1394 954 ut
1439 913 1564 968 signa
1602 914 1738 968 portis

183 972 322 1014 efferri
348 972 465 1013 vidit.
525 973 586 1014 ita
611 977 755 1014 tamen
782 974 916 1015 aciem
943 974 1249 1025 instruxerunt,
1275 976 1322 1012 ut
1348 971 1518 1012 Poenus
1545 973 1739 1013 dextrum

180 1045 309 1073 cornu
347 1032 389 1072 in
429 1031 582 1072 collem
621 1032 820 1086 erigeret,
859 1032 1043 1074 Romani
1081 1031 1302 1073 sinistrum
1342 1030 1394 1071 ad
1433 1031 1635 1084 oppidum
1669 1031 1739 1072 ad-

179 1090 403 1144 plicarent.
458 1090 511 1130 ab
538 1089 644 1131 hora
670 1091 797 1131 tertia
823 1105 915 1132 cum
945 1090 996 1132 ad
1022 1092 1191 1132 noctem
1220 1102 1409 1144 pugnam
1437 1090 1739 1144 extendissent,
1766 1096 1786 1126 6

181 1148 403 1203 fessaeque
435 1148 665 1203 pugnando
697 1149 860 1203 primae
893 1150 1004 1190 acies
1036 1151 1177 1190 essent
1208 1172 1254 1177 -
1287 1148 1340 1189 ab
1367 1147 1574 1189 Romanis
1601 1149 1739 1203 prima

179 1207 292 1262 legio
325 1211 368 1248 et
397 1207 546 1248 dextra
572 1208 651 1261 ala,
684 1208 736 1249 ab
764 1207 1008 1249 Hannibale
1033 1207 1218 1261 Hispani
1247 1207 1404 1248 milites
1432 1210 1474 1248 et
1499 1207 1737 1249 funditores

177 1265 376 1320 Baliaris,
402 1265 621 1319 elephanti
649 1280 815 1320 quoque
842 1266 1073 1308 commisso
1101 1266 1185 1306 iam
1210 1266 1441 1306 certamine
1463 1266 1506 1306 in
1526 1266 1737 1319 proelium

177 1325 262 1365 acti
317 1348 388 1378 -,
442 1325 513 1365 diu
568 1337 712 1378 pugna
761 1327 913 1367 neutro
964 1325 1167 1365 inclinata
1220 1324 1352 1365 stetit.
1427 1325 1530 1377 <ut>
1574 1325 1736 1378 primae
1770 1342 1778 1362 ι

176 1383 336 1437 legioni
374 1383 521 1436 tertia,
559 1382 731 1424 dextrae
770 1383 862 1425 alae
895 1384 1068 1425 sinistra
1101 1382 1250 1436 subiit,
1288 1385 1329 1422 et
1361 1383 1471 1436 apud
1504 1382 1641 1424 hostis
1673 1384 1737 1424 in-

173 1441 286 1496 tegri
325 1456 348 1482 a
385 1440 509 1482 fessis
540 1454 729 1496 pugnam
763 1456 977 1496 accepere,
1014 1456 1173 1482 novum
1208 1444 1333 1495 atque
1367 1443 1489 1482 atrox
1520 1442 1730 1494 proelium
1757 1449 1779 1479 8

175 1513 226 1541 ex
257 1500 343 1540 iam
377 1499 497 1554 segni
529 1503 703 1553 repente
737 1502 897 1542 exarsit
923 1500 1167 1542 recentibus
1196 1500 1350 1541 animis
1378 1500 1730 1556 corporibusque3

986 1639 1046 1683 30,
1069 1643 1176 1683 17,1.
1214 1640 1253 1674 in
1278 1649 1451 1683 praesens
1483 1660 1526 1664 —
1558 1640 1599 1674 in
1628 1640 1729 1683 futu-

985 1697 1082 1729 rum3
1115 1687 1234 1721 ferner
1266 1687 1306 1721 in
1331 1690 1563 1730 perpetuum,
1592 1688 1642 1722 ad
1670 1698 1728 1722 ex-

986 1737 1152 1777 tremum,
1179 1735 1227 1769 ad
1253 1734 1420 1768 ‘ulti-mum
1445 1745 1478 1768 u.
1507 1745 1537 1768 a.

1033 1781 1123 1826 tum]
1154 1784 1307 1825 erg'anze
1334 1782 1475 1825 in>9en33
1503 1781 1567 1815 das
1591 1781 1723 1826 Adjek-

986 1827 1103 1861 tivum
1141 1828 1232 1862 wird
1271 1827 1365 1862 auch
1403 1830 1505 1862 sonst
1544 1839 1610 1862 aus
1643 1828 1727 1862 dem

986 1876 1107 1908 ersten
1139 1874 1269 1909 Gliede
1307 1874 1365 1908 fiir
1403 1874 1468 1908 das
1507 1874 1635 1909 zweite
1672 1886 1726 1909 er-

986 1922 1108 1965 g'anzt.
1137 1921 1196 1962 26,
1220 1925 1273 1963 17,
1295 1924 1326 1955 8,

1034 1971 1064 2002 5.
1103 1971 1136 2002 et
1161 1968 1289 2013 aliam]
1316 1971 1347 2002 et
1368 1984 1411 1996 =
1432 1968 1540 2003 etiam
1567 1967 1633 2003 hat
1658 1980 1724 2004 vor

984 2014 1270 2049 Pronominibus
1309 2015 1423 2049 sehon
1459 2013 1602 2058 Cicero,
1643 2016 1722 2050 Liv.

173 1655 216 1668 =
255 1649 377 1684 genau
418 1638 456 1673 in
493 1637 703 1684 Erfahrung
745 1640 913 1684 bringeri,

171 1685 288 1720 findet
336 1684 414 1720 sich
463 1686 654 1721 mehrfach
704 1686 765 1721 bei
814 1687 912 1729 Liv.;

172 1743 201 1768 c.
231 1736 288 1776 26,
308 1736 340 1767 5.
374 1743 402 1768 c.
424 1736 481 1776 27,
503 1737 557 1767 13.
616 1732 741 1768 Selten
776 1733 911 1778 jedoch

171 1779 224 1814 im
261 1779 391 1814 Passiv
428 1780 639 1823 personlich
678 1781 913 1824 konstruiert,

171 1826 347 1861 meistens
372 1831 587 1870 compertum
614 1831 663 1861 est
688 1827 757 1862 mit
782 1829 912 1862 Aecus.

171 1883 254 1908 cum
281 1872 345 1907 inf.
372 1872 432 1916 26,
453 1877 509 1916 33,
530 1877 560 1909 8.
590 1874 648 1916 10,
671 1879 701 1916 1,
722 1878 753 1909 3.

219 1929 253 1955 c.
274 1919 308 1962 2,
331 1923 361 1953 1.
388 1920 482 1954 nihil
495 1920 704 1966 admodum]
730 1921 791 1955 bei
807 1922 912 1964 nihil,

171 1967 297 2001 nullus
335 1967 437 2001 dient
469 1968 660 2002 admodum
695 1967 820 2012 hziufig
851 1980 913 2002 zur

171 2013 419 2058 Limitierung
433 2014 497 2048 der
508 2014 710 2059 Negation:
730 2013 791 2058 40,
807 2019 862 2057 59,
877 2018 911 2049 2.

171 2071 354 2095 armorum
380 2081 423 2084 —
450 2072 617 2105 maynam
650 2062 740 2105 vim,
772 2063 911 2096 nullam

166 2108 360 2152 pecuniam
380 2108 590 2143 admodum:
610 2125 654 2137 =
672 2119 735 2152 „so
755 2110 821 2154 gut
840 2108 910 2143 wie

169 2164 237 2199 gar
261 2153 348 2188 kein
375 2153 501 2188 Geld“.

217 2204 250 2235 2.
289 2201 539 2236 Hannibalem
596 2203 815 2247 contuderit]
867 2219 911 2231 =

169 2248 449 2291 „zermalmen“.
487 2248 562 2283 Das
581 2249 690 2284 XVort
708 2249 757 2283 ist
777 2250 910 2294 haupt-

171 2294 335 2329 sachlich
357 2294 591 2340 dichterisch‚
611 2295 671 2330 bei
685 2295 762 2331 Liv.
784 2295 908 2340 ofters,

170 2340 244 2384 vgl.
274 2351 303 2375 c.
325 2345 382 2384 12,
405 2346 458 2377 11.
479 2346 520 2377 ut
539 2344 799 2378 contunderent
817 2344 909 2387 fero-

169 2388 262 2422 ciam
287 2388 406 2424 host-is.
800 2427 818 2435 „

217 2438 248 2468 3.
286 2437 318 2468 et
348 2435 484 2470 Romae
514 2437 670 2482 quidem]
710 2436 761 2471 im
794 2436 907 2472 Uber-

167 2491 287 2526 gange
321 2493 365 2515 zu
397 2484 510 2517 etwas
541 2483 683 2518 Neuem
715 2486 797 2528 sagt
828 2483 907 2519 Liv.

168 2528 286 2563 selten
312 2531 418 2572 atque
442 2550 485 2554 —
511 2531 664 2574 quidem,
690 2530 759 2565 wie
788 2535 841 2573 18,
862 2535 906 2575 4.,

167 2575 324 2609 sondern
343 2578 376 2609 et
394 2596 438 2601 —
459 2578 599 2620 quidem
612 2576 681 2612 mit
695 2577 906 2622 folgendem

165 2621 226 2655 sed
250 2621 338 2656 oder
365 2626 412 2658 at.

213 2677 257 2701 eat
257 2670 455 2711 praeterito
464 2690 506 2695 —
516 2671 555 2705 in
562 2670 745 2716 futurum]
761 2670 904 2705 Neutra

164 2724 237 2749 von
252 2714 475 2759 Adjektiven
493 2717 563 2752 mit
575 2717 808 2762 Pr‘aposition
822 2717 903 2752 sind

165 2770 225 2794 am
247 2761 455 2806 haufigsten
474 2776 536 2799 zur
554 2764 813 2809 Bezeichnung
832 2775 904 2799 von

163 2806 394 2842 raumlichen
419 2807 708 2854 Verbaltnissen‚
735 2811 792 2845 fiir
818 2811 905 2846 zeit-

162 2853 261 2890 liche
304 2854 377 2899 vgl.
415 2858 445 2897 ξ.
478 2859 511 2892 9.
546 2858 588 2892 in
629 2860 779 2894 multum
816 2859 890 2893 diei
898 2873 905 2901 3

983 2064 1066 2106 sagt
1097 2063 1181 2096 sehr
1205 2061 1331 2105 haufig
1358 2072 1396 2096 so
1422 2061 1498 2096 und
1524 2062 1725 2097 besonders

982 2108 1221 2153 regelm'assig
1262 2112 1293 2142 et
1331 2109 1437 2143 alius.
1495 2120 1523 2143 c.
1558 2113 1590 2153 4,
1624 2113 1654 2144 9.
1693 2113 1726 2143 et

983 2156 1074 2190 alios
1099 2176 1143 2181 —
1169 2156 1318 2200 reyulos.

1030 2203 1174 2245 fidentis
1207 2202 1371 2248 speciem]
1412 2202 1621 2245 „Anschein
1659 2202 1723 2238 der

983 2249 1233 2285 Zuversicht.“
1290 2250 1364 2294 vgl.
1390 2249 1451 2293 35,
1472 2253 1527 2293 34,
1552 2253 1584 2284 9.
1610 2250 1724 2295 specie

981 2297 1200 2331 reducentis:
1234 2296 1368 2331 Schein
1400 2296 1464 2330 der
1495 2297 1720 2332 Zurx'ickffih-

981 2354 1085 2388 rung.
1136 2343 1196 2387 34,
1217 2347 1273 2385 40,
1296 2348 1327 2377 3.
1355 2344 1471 2378 oratio
1502 2344 1576 2386 fuit
1601 2345 1723 2379 omnia

975 2391 1235 2433 permittentis:
1250 2391 1379 2425 Worte
1388 2390 1452 2424 der
1459 2391 1722 2436 Unterwsirfig-

980 2437 1067 2472 keit.
1107 2437 1218 2472 Meist
1231 2449 1302 2472 von
1317 2437 1511 2472 mehreren
1524 2438 1721 2481 Personen,

980 2484 1048 2519 wie
1075 2485 1209 2520 clamor
1234 2485 1495 2519 admirantium
1521 2497 1555 2519 u.
1582 2496 1613 2519 a.

1028 2532 1257 2577 detractavit]
1287 2531 1352 2566 das
1380 2531 1518 2576 Objekt
1544 2535 1721 2566 certamen

977 2577 1071 2612 wird
1102 2579 1197 2613 auch
1227 2579 1288 2621 23,
1308 2582 1364 2620 44,
1385 2582 1404 2613 7
1439 2578 1492 2612 als
1526 2578 1719 2613 selbstver-

978 2625 1161 2660 standlich
1194 2627 1360 2670 erganzt:
1391 2636 1501 2669 neque
1526 2625 1721 2660 Hannibal

976 2672 1205 2715 detractavit,
1216 2671 1417 2706 ebensobei
1425 2672 1550 2706 eduaeit
1558 2673 1718 2716 (copias).

1026 2721 1057 2752 6.
1091 2730 1221 2763 puyna
1235 2718 1347 2764 stetit]
1364 2718 1453 2760 „das
1463 2717 1622 2753 Gefecht
1633 2719 1718 2754 kam

977 2776 1058 2798 zum
1075 2764 1248 2800 Stehen.“
1293 2765 1326 2807 S,
1349 2768 1404 2808 38,
1428 2769 1470 2799 10
1485 2766 1539 2800 ita
1558 2777 1719 2810 anceps

978 2812 1114 2847 dieitur
1152 2815 1329 2847 certamen
1363 2813 1496 2847 stetisse
1528 2812 1587 2857 29,
1609 2817 1641 2857 2,
1664 2817 1716 2848 15.

979 2862 1108 2894 atros:
1130 2870 1257 2904 puyna
1283 2860 1387 2894 stetit.

1387 2919 1434 2952 1*
