1926 3219
206 113 263 154 42
705 113 844 148 LIBER
871 113 1020 148 XXVII.
1071 112 1172 147 CAP.
1201 116 1255 147 22.

158 230 179 260 2
206 234 292 261 non
330 220 464 274 gessit
498 244 547 248 —
584 222 626 260 et
656 219 700 259 T.
734 218 956 266 Quinctius
990 216 1225 270 Crispinus.

1602 134 1626 153 a.
1652 135 1678 152 ιι.
1699 127 1758 153 546.

1286 220 1477 274 utrisque
1512 221 1757 262 consulibus

206 278 333 319 Italia
364 278 533 319 decreta
564 276 782 330 provincia
815 278 880 316 est
904 277 947 315 et
971 275 1053 315 duo
1079 276 1301 317 consulum
1328 278 1484 330 prioris
1512 279 1614 320 311111
1641 293 1755 319 exer-

206 337 314 378 citus
357 360 404 364 —
446 335 598 376 tertius
630 333 844 374 Venusiae
882 334 974 373 tum
1013 335 1122 385 erat,
1160 333 1227 374 cui
1259 333 1484 377 Marcellus
1515 336 1760 390 praefuerat

207 419 261 423 —
294 394 355 435 ita
387 396 433 434 ut
465 407 515 433 ex
545 391 683 432 tribus
717 391 923 445 eligerent
954 391 1049 444 duo,
1081 405 1186 445 quos
1218 391 1387 445 vellent,
1418 395 1569 436 tertius
1602 396 1641 436 ei
1672 398 1757 436 tra-

157 462 178 492 3
206 453 385 504 deretur,
412 450 477 491 cui
499 449 732 491 Tarentum
759 452 801 490 et
821 448 1047 491 Sallentini
1074 450 1296 503 provincia
1319 451 1544 493 evenisset.
1593 456 1758 495 ceterae

204 508 446 563 provinciae
491 508 553 549 ita
596 508 774 549 divisae:
820 508 1088 561 praetoribus
1133 507 1177 549 P.
1217 508 1381 550 Licinio
1421 508 1537 551 Varo
1581 511 1757 564 urbana,

204 567 250 608 P.
281 566 446 608 Licinio
477 564 646 619 Crasso,
678 566 869 619 pontifici
908 566 1107 619 maximo,
1139 567 1363 621 peregrina
1396 569 1438 608 et
1469 581 1551 621 quo
1586 573 1757 610 senatus

205 626 452 678 censuisset,
479 623 572 666 Sex.
597 624 706 666 Iulio
735 623 908 666 Caesari
935 623 1095 677 Sicilia,
1121 624 1168 673 Q.
1196 623 1373 666 Claudio
1397 624 1582 666 Flamini
1604 625 1757 668 Taren—

157 688 308 725 4111111.
369 685 651 737 prorogatum
689 684 733 724 in
771 697 931 723 annum
968 683 1194 736 imperium
1233 686 1298 724 est
1334 682 1380 732 Q.
1412 683 1563 725 Fulvio
1595 683 1760 737 Flacco,

205 745 252 783 ut
282 742 549 796 provinciam
582 740 785 795 Capuam⁷
816 755 923 795 quae
955 740 1001 781 T.
1032 740 1204 789 Quincti
1235 743 1447 795 praetoris
1479 742 1632 795 fuerat,
1664 756 1759 784 cum

157 811 178 839 5
206 815 289 841 una
319 800 486 855 legione
519 800 744 842 obtineret.

805 801 1083 853 prorogatum
1116 801 1158 840 et
1191 797 1236 841 C.
1265 799 1453 841 Hostilio
1481 800 1649 842 Tubulo
1682 803 1760 854 est,

204 861 251 899 ut
299 873 376 912 pro
426 862 623 911 praetore
674 858 718 898 in
760 857 980 897 Etruriam
1032 857 1085 897 ad
1134 857 1238 899 duas
1282 858 1471 912 legiones
1517 859 1760 900 succederet

205 916 248 959 C.
282 916 528 970 Calpurnio.

589 918 868 969 prorogatum
907 918 949 955 et
980 914 1026 956 L.
1056 914 1237 956 Veturio
1270 915 1442 958 Philoni
1483 919 1564 970 est,
1602 920 1650 958 ut
1681 932 1758 971 pro

204 978 399 1029 praetore
426 974 612 1015 Galliam
644 973 817 1014 eandem
848 972 1114 1026 provinciam
1147 987 1243 1014 cum
1275 974 1410 1015 isdem
1441 974 1603 1016 duabus
1629 976 1760 1030 legio·

155 1044 176 1074 6
203 1034 329 1075 nibus
357 1033 581 1086 obtineret,
606 1032 759 1086 quibus
785 1034 958 1085 praetor
985 1031 1254 1073 obtinuisset.
1304 1033 1416 1086 quod
1442 1033 1485 1073 in
1506 1033 1552 1074 L.
1572 1033 1762 1088 Veturio,

204 1092 316 1133 idem
348 1091 394 1132 in
422 1090 466 1133 C.
493 1090 780 1131 Aurunculeio
813 1090 1029 1130 decretum
1062 1090 1115 1130 ab
1149 1093 1300 1131 senatu
1332 1091 1550 1145 latumque
1583 1091 1633 1133 de
1665 1106 1763 1145 pro-

204 1150 393 1205 rogando
429 1149 606 1203 imperio
641 1148 693 1189 ad
726 1148 932 1202 populum
964 1149 1046 1201 est,
1084 1148 1157 1202 qui
1188 1151 1361 1202 praetor
1394 1147 1633 1190 Sardiniam
1664 1164 1762 1203 pro-

203 1209 388 1249 vinciam
416 1222 509 1249 cum
538 1207 701 1248 duabus
723 1206 964 1261 legionibus
992 1207 1248 1248 obtinuerat.
1303 1207 1471 1248 additae
1498 1208 1536 1248 ei
1563 1208 1614 1250 ad
1640 1222 1760 1261 prae-

205 1267 359 1307 sidium
397 1265 642 1319 provinciae
683 1265 994 1319 quinquaginta
1031 1265 1187 1319 longae
1217 1279 1366 1318 naves,
1405 1280 1510 1320 quas
1541 1265 1586 1306 P.
1619 1264 1761 1319 Scipio

207 1339 257 1365 ex
288 1324 505 1378 Hispania
536 1324 738 1365 misisset.

801 1326 843 1364 et
874 1323 920 1364 P.
954 1322 1143 1377 Scipioni
1182 1326 1225 1364 et
1255 1323 1310 1365 M.
1345 1322 1490 1365 Silano
1531 1338 1630 1365 suae
1664 1324 1762 1365 His-

204 1384 355 1437 paniae
389 1383 537 1436 suique
571 1382 781 1423 exercitus
814 1382 858 1422 in
891 1396 1050 1423 annum
1082 1381 1256 1436 decreti3
1291 1381 1434 1436 Scipio
1468 1397 1518 1423 ex
1543 1383 1775 1437 octoginta.

203 1441 404 1495 navibus,
444 1455 548 1494 quas
587 1443 660 1481 aut
699 1454 840 1481 secum
880 1454 930 1480 ex
962 1439 1090 1480 Italia
1127 1439 1330 1481 adductas
1370 1443 1444 1481 aut
1479 1442 1626 1494 captas
1661 1440 1761 1482 Car-

203 1499 380 1554 thagine
412 1499 612 1552 habebat,
645 1498 957 1552 quinquaginta
988 1499 1033 1538 in
1065 1497 1305 1539 Sardiniam
1336 1499 1575 1540 tramittere
1607 1499 1761 1552 iussus,

156 1568 178 1598 8
206 1558 305 1612 quia
336 1558 453 1598 fama
486 1560 578 1598 erat
608 1570 812 1611 magnum
844 1557 1043 1597 navalem
1076 1559 1329 1610 apparatum
1362 1571 1411 1598 eo
1444 1571 1555 1597 anno
1586 1556 1761 1599 Cartha-

203 1616 302 1670 gine
344 1630 454 1668 esse,
499 1615 689 1656 ducentis
727 1615 908 1655 navibus
949 1628 1118 1656 omnem
1159 1629 1278 1655 oram
1316 1614 1467 1655 Italiae
1506 1613 1759 1669 Siciliaeque

153 1684 175 1713 9
204 1689 252 1715 ac
285 1673 503 1715 Sardiniae
541 1674 790 1727 inpleturOS.

852 1675 895 1713 et
936 1673 980 1713 in
1013 1671 1157 1714 Sicilia
1189 1673 1251 1713 ita
1283 1673 1419 1714 divisa
1449 1687 1517 1714 res
1550 1675 1631 1714 est:
1666 1671 1759 1715 Sex.

203 1731 378 1774 Caesari
416 1732 623 1773 exercitus
657 1730 897 1773 Cannensis
936 1731 1060 1772 datus
1101 1733 1183 1786 est3
1221 1731 1276 1773 M.
1317 1731 1514 1772 Valerius
1546 1731 1757 1773 Laevinus

205 1816 253 1820 —
290 1791 328 1832 ei
360 1805 528 1845 quoque
556 1790 669 1832 enim
695 1792 975 1844 prorogatum
1002 1790 1229 1843 imperium
1255 1793 1321 1830 est
1350 1814 1398 1818 —
1428 1790 1620 1844 classem,
1652 1804 1758 1844 quae

247 1969 279 1999 2.
300 1966 462 2009 utrisque
469 1964 691 2009 consulibus]
709 1964 821 1998 sehon
832 1963 944 1998 Casar

199 2012 266 2046 hat
303 2012 495 2046 bisweilen
540 2011 613 2045 und
653 2011 730 2045 Liv.
775 2009 830 2045 oft
872 2010 943 2044 den

199 2058 325 2092 Plural
363 2069 435 2092 von
472 2062 618 2102 ‘alterque
646 2059 804 2101 gesetzt‚
848 2057 943 2091 auch

199 2115 307 2139 wenn
342 2105 408 2139 auf
438 2105 570 2139 beiden
607 2104 731 2139 Seiten
768 2115 837 2137 nur
872 2103 943 2137 0111

199 2152 344 2186 Nomen
372 2151 423 2185 im
457 2150 630 2196 Singular
655 2151 733 2185 sich
758 2149 941 2184 befindet:

199 2201 353 2242 utraque
395 2208 550 2241 cornua,
595 2201 765 2241 utraeque
802 2207 941 2240 manus,

198 2246 343 2289 utrique
368 2255 536 2280 censores.

247 2296 278 2325 3.
300 2292 496 2336 pereyo-ina
526 2295 557 2325 et
588 2302 657 2335 quo
690 2293 835 2324 senatus
867 2300 943 2323 cen-

198 2339 343 2383 suisset]
384 2339 448 2372 der
480 2338 612 2372 Prator
644 2337 743 2372 steht
775 2348 838 2370 zur
862 2335 942 2370 Dis-

198 2384 361 2428 position
387 2385 450 2419 des
477 2384 641 2419 Senates.
668 2395 696 2418 0.
727 2388 758 2426 7,
785 2386 816 2417 8.

246 2434 278 2465 4.
299 2435 538 2475 proroyatum
581 2432 621 2465 in
661 2441 797 2465 amium
834 2430 941 2472 impe-

197 2478 295 2512 rium
314 2478 379 2523 est]
407 2478 562 2512 beachte
586 2478 623 2511 in
646 2477 716 2511 den
742 2475 943 2520 folgenden

198 2527 254 2566 ἐξ.
293 2523 352 2558 die
395 2523 655 2568 regelmassige
699 2522 943 2557 Wiederkehr

199 2571 321 2605 dieser
346 2570 552 2615 Wortfolge
587 2570 624 2604 in
655 2570 720 2605 der
747 2568 942 2603 offiziellen

199 2616 360 2660 Forme13
403 2618 536 2653 ebenso
574 2616 811 2662 regelmi'issig
848 2615 944 2660 folgt

199 2664 264 2698 der
289 2664 477 2699 erhaltene
503 2664 662 2709 Austrag
688 2663 756 2698 mit
781 2666 830 2697 ut.

248 2715 279 2744 5.
300 2712 341 2745 in
355 2711 551 2746 Etruriam
571 2712 619 2745 ad
634 2731 675 2736 —
692 2710 859 2754 legiones]
884 2708 942 2743 bei

197 2759 380 2791 succedere
406 2757 506 2792 steht
535 2757 600 2792 der
626 2757 710 2800 Ort,
737 2757 831 2791 nach
857 2755 942 2790 wel-

201 2803 307 2837 chem
333 2803 397 2837 hin
430 2804 494 2838 dei·
520 2803 747 2848 Nachfolger
777 2803 853 2837 sich
880 2802 941 2836 110-

199 2850 304 2894 giebt
336 2850 405 2884 mit
437 2851 475 2884 in
503 2861 533 2886 c.
560 2861 652 2892 acc.;
691 2850 760 2885 wie
786 2860 814 2883 0.
844 2852 880 2890 7,
908 2852 939 2883 9.

1017 1965 1058 1997 in
1095 1963 1291 1998 Etruriam
1327 1963 1539 2005 suceecleret3
1583 1963 1633 1998 ad
1676 1963 1760 2008 ffigt

1016 2010 1097 2044 eine
1129 2010 1256 2045 zweite
1284 2010 1495 2054 speziellere
1523 2009 1757 2045 Ortsbestim—

1015 2068 1128 2101 mung
1154 2057 1225 2091 bei.

1062 2114 1142 2137 cum
1161 2104 1271 2139 isdem
1291 2123 1335 2128 —
1356 2103 1500 2148 quibus]
1527 2102 1589 2138 bei
1608 2103 1691 2137 dem
1712 2113 1760 2137 an

1016 2149 1096 2184 eine
1134 2149 1642 2194 Prapositionalverbindung
1680 2149 1757 2184 sich

1015 2197 1332 2232 anschliessenden
1369 2196 1517 2230 Relativ
1561 2196 1653 2230 wird
1697 2195 1756 2230 die

1015 2242 1248 2287 Priiposition
1271 2243 1381 2277 meist
1406 2243 1509 2276 nicht
1527 2242 1755 2277 wiederholt.

1015 2289 1075 2332 22,
1109 2295 1140 2331 9,
1175 2294 1217 2324 10
1249 2291 1291 2324 in
1321 2290 1447 2332 eodem,
1485 2299 1554 2333 quo
1591 2292 1673 2324 ante
1713 2308 1756 2313 ——

1013 2339 1122 2370 statu.

1063 2387 1094 2417 7.
1119 2393 1206 2417 suae
1228 2382 1450 2427 Hispaniae]
1476 2392 1563 2416 suae
1588 2381 1672 2416 weil
1696 2381 1754 2415 die

1014 2428 1171 2463 Provinz
1212 2428 1306 2463 nach
1350 2429 1480 2473 langer
1516 2428 1756 2472 Verwaltung

1015 2475 1218 2519 gleichsam
1256 2488 1300 2509 zu
1337 2475 1448 2509 ihnen
1491 2475 1633 2520 gehort.
1680 2474 1753 2518 vgl.

1015 2522 1074 2565 28,
1101 2526 1155 2565 42,
1183 2526 1215 2556 2.
1242 2522 1449 2566 Hispaniae
1473 2525 1565 2556 tuae.

1063 2574 1094 2603 8.
1134 2570 1351 2613 Siciliaeque
1376 2580 1420 2603 ae
1438 2566 1651 2611 Sardiniae]
1679 2567 1752 2611 vgl.

1016 2615 1176 2650 Galliam
1209 2616 1442 2659 Siciliamque
1473 2625 1515 2648 ac
1540 2613 1755 2647 Sardiniam

1014 2661 1075 2705 24,
1111 2667 1163 2704 11,
1198 2667 1229 2697 2.
1268 2675 1303 2696 u.
1338 2663 1450 2696 sonst.
1512 2659 1619 2694 Diese
1664 2659 1751 2694 Ver-

1015 2708 1182 2753 bindung
1230 2710 1296 2743 hat
1347 2708 1466 2741 zuerst
1514 2706 1659 2751 Vergil,
1715 2706 1752 2740 in

1013 2754 1130 2790 Prosa
1155 2757 1275 2790 zuerst
1299 2754 1377 2788 Liv.
1444 2789 1449 2794 ,

1062 2806 1093 2836 9.
1126 2803 1234 2837 datus
1254 2805 1303 2835 est
1329 2821 1371 2825 -
1397 2800 1569 2835 obtineret
1594 2818 1636 2824 —
1663 2799 1753 2833 trai-

1013 2849 1116 2893 ceret]
1175 2859 1239 2882 aus
1290 2848 1354 2881 der
1403 2845 1614 2890 Erzahlung
1663 2846 1753 2890 geht
