1926 3219
145 987 164 1016 0⁹!

143 1104 162 1134 6
191 1098 301 1136 sunt.

195 112 250 154 86
654 115 795 149 LIBER
822 115 968 153 XXVII.

1019 116 1121 150 CAP.
1150 120 1204 151 50.
1232 122 1286 152 51.
1590 140 1615 158 a.
1634 140 1662 158 u.
1682 133 1746 159 54⁵1.

193 235 269 274 pro
313 222 514 274 cuiusque
561 221 732 274 ingenio
773 221 868 261 aliis
907 221 991 261 iam
1032 224 1195 262 certum
1234 225 1453 278 gaudium,
1493 227 1587 267 aliis
1627 227 1746 268 nulla

194 282 292 319 ante
342 278 485 319 futura
535 278 637 319 fides
695 281 803 331 erat,
859 292 985 332 quam
1038 280 1204 334 legatos
1255 284 1527 325 consulumve
1577 285 1743 326 litteras

193 335 423 377 audissent.

313 393 436 446 Ipsos
489 393 637 434 deinde
688 394 1028 449 adpropinquare
1073 396 1239 449 legatos
1284 397 1463 440 allatum
1507 404 1582 442 est.

1655 404 1746 442 tum

193 453 305 493 enim
345 466 444 493 vero
484 452 623 492 omnis
663 455 780 494 aetas
820 468 986 494 currere
1025 454 1160 506 obvii,
1197 455 1359 508 primus
1401 457 1577 512 quisque
1610 459 1744 501 oculis

146 517 165 547 2
195 511 451 564 auribusque
491 510 661 551 haurire
699 514 867 552 tantum
906 512 1109 566 gaudium
1151 513 1383 566 cupientes.

146 576 165 606 3
193 584 328 623 usque
366 571 541 622 pontem
580 570 801 611 continens
841 584 994 625 agmen
1032 572 1238 625 pervenit.

1445 515 1498 555 ad
1536 515 1744 559 Mulvium

1306 572 1438 627 legati
1472 597 1521 602 -—
1557 575 1587 614 ii
1627 578 1747 617 erant

193 627 238 669 L.
270 627 308 668 V
314 628 474 668 eturius
507 627 630 669 Philo
663 627 707 669 P.
740 628 926 670 Licinius
961 629 1100 670 Varus
1134 629 1180 678 Q.
1214 628 1424 671 Caecilius
1457 631 1654 674 Metellus
1689 658 1744 663 —

195 686 439 727 circumfusi
477 686 616 727 omnis
655 688 824 740 generis
863 687 1085 728 hominum
1124 689 1363 743 frequentia
1402 690 1445 730 in
1482 690 1621 731 forum
1654 706 1746 745 per-

145 752 166 782 4
193 747 538 797 venerunt,·cum
573 745 806 803 alii-ipsos,
840 746 911 786 alii
944 747 1120 787 comites
1147 762 1306 801 eorum,
1339 762 1445 802 quae
1473 751 1569 790 acta
1594 752 1747 803 essent,

190 805 585 857 percunctarentur.

655 808 696 844 et
735 806 782 844 ut
821 805 998 858 quisque
1043 805 1236 847 audierat
1280 807 1511 848 exercitum
1556 807 1747 849 hostium

193 862 578 915 imperatoremque
612 862 814 911 occisum,
849 862 1039 916 legiones
1073 863 1287 905 Romanas
1320 865 1564 919 incolumis,
1604 866 1746 908 salvos

193 920 386 962 consules
415 935 519 973 esse,
550 920 762 973 extemplo
791 920 886 961 aliis
913 934 1040 974 porro
1068 922 1371 976 impertiebant
1391 924 1591 977 gaudium
1613 939 1746 966 suum.

192 993 287 1020 cum
321 992 446 1033 aegre
478 979 522 1018 in
549 978 709 1019 curiam
737 981 989 1032 perventum
1016 983 1139 1033 esset,
1170 980 1306 1021 multo
1334 982 1502 1035 aegrius
1529 986 1746 1024 summota

190 1038 317 1078 turba
327 1070 336 1087 ,

386 1051 439 1077 110
484 1036 680 1090 patribus
725 1038 994 1091 misceretur,

363 1095 461 1136 inde
494 1095 692 1149 producti
724 1096 767 1135 111
801 1097 1043 1137 contionem
1075 1097 1219 1151 legati.

1044 1038 1214 1079 litterae
1258 1039 1302 1078 in
1349 1042 1499 1080 senatu
1543 1041 1746 1082 recitatae

1270 1096 1314 1137 L.
1347 1096 1549 1139 Veturius
1589 1099 1746 1140 litteris

189 1154 380 1195 recitatis
420 1154 512 1207 ipse
550 1154 721 1207 planius
761 1155 920 1207 omnia,
960 1169 1064 1208 quae
1105 1158 1200 1196 acta
1238 1157 1377 1208 erant,
1417 1157 1614 1210 exposuit
1652 1172 1748 1198 cum

192 1213 360 1266 ingenti
401 1213 601 1265 adsensu,
638 1216 857 1265 postremo
891 1213 1018 1254 etiam
1054 1214 1239 1255 clamore
1266 1214 1490 1255 universae
1523 1215 1747 1270 contionis,

145 1280 162 1310 7
191 1286 287 1312 011111
320 1271 388 1312 vix
423 1271 625 1326 gaudium
666 1272 818 1312 animis
859 1275 1070 1325 caperent.

740 1333 787 1371 ut
831 1333 974 1385 grates
1021 1334 1216 1385 agerent,
1262 1331 1314 1372 ab
1355 1332 1449 1372 aliis
1489 1332 1657 1386 domos,
1702 1335 1750 1374 ut

146 1397 165 1427 8
193 1388 449 1444 coniugibus
487 1388 718 1443 liberisque
751 1392 839 1429 tam
872 1389 1031 1430 laetum
1064 1390 1260 1430 nuntium
1293 1390 1574 1443 impertirent.

191 1330 303 1370 circa
348 1330 510 1384 templa
554 1329 694 1383 deum,

1144 1272 1382 1314 discursum
1420 1273 1517 1314 inde
1560 1273 1612 1314 ab
1653 1274 1749 1316 aliis

1631 1405 1749 1432 sena-

191 1449 272 1501 tus,
305 1447 416 1501 quod
448 1446 503 1488 M.
532 1446 678 1487 Livius
712 1450 753 1488 et
786 1446 830 1488 C.
859 1446 1063 1488 Claudius
1097 1448 1292 1489 consules
1326 1449 1530 1490 incolumi
1562 1450 1749 1491 exercitu
1776 1494 1778 1496 ,

191 1506 338 1547 ducem
353 1506 542 1547 hostium
559 1506 831 1560 legionesque
848 1506 1113 1559 occidissent,
1129 1507 1485 1560 supplicationem
1500 1507 1543 1548 in
1558 1507 1749 1548 triduum

191 1564 390 1606 decrevit.
436 1579 530 1605 eam
560 1565 915 1618 supplicationem
943 1563 987 1606 C.
1010 1564 1222 1606 Hostilius
1248 1568 1420 1618 praetor
1447 1580 1522 1618 pro
1550 1567 1748 1607 contione

146 1634 164 1662 ‘a
193 1623 342 1676 edixit,
382 1622 679 1677 celebrataque
712 1638 736 1664 a
768 1624 869 1664 viris
908 1624 1164 1677 feminisque
1203 1627 1285 1676 est,
1324 1624 1549 1677 omniaque
1587 1625 1750 1678 templa

191 1696 266 1735 per
296 1683 434 1722 totum
467 1681 656 1722 triduum
688 1682 908 1736 aequalem
939 1682 1108 1722 turbam
1148 1682 1354 1735 habuere,
1395 1696 1490 1722 cum
1528 1685 1749 1724 matronae

192 1740 459 1794 amplissima
493 1743 610 1781 veste
643 1754 737 1781 eum
770 1740 936 1791 liberis,
974 1740 1149 1793 perinde
1183 1754 1231 1781 ac
1265 1740 1300 1780 si
1331 1740 1590 1781 debellatum
1629 1741 1750 1794 foret,

122 1807 165 1838 10
192 1800 308 1840 omni
341 1799 507 1840 solutae
539 1802 657 1840 metu
689 1799 777 1839 deis
810 1799 1126 1840 immortalibus
1161 1801 1305 1854 grates
1339 1801 1525 1853 agerent.

189 1927 397 1971 dispensare
410 1926 623 1970 pecuniam
646 1942 688 1955 =
711 1926 769 1960 die
790 1925 932 1960 Frende

189 1974 328 2008 konnte
354 1973 504 2007 verteilt
530 1973 687 2007 werden.

239 2025 291 2054 11.
320 2023 452 2054 emtum
495 2021 669 2064 glaudium
716 2040 759 2044 -—
803 2020 933 2062 futura

188 2068 275 2110 fides
290 2079 326 2101 e)
329 2067 382 2112 at]
410 2079 452 2101 zu
466 2068 642 2111 yauclium
663 2070 817 2111 erganze
839 2070 931 2107 01·ςαί

190 2115 320 2157 fututa
361 2117 438 2148 erat
476 2130 518 2142 =
558 2124 596 2147 es
634 2094 723 2157 lag¹3
740 2114 777 2147 in
814 2094 933 2147 ihreni

191 2161 339 2204 XVesen,
355 2160 433 2195 dass
454 2160 505 2195 sie
520 2160 623 2194 nicht
643 2161 730 2195 eher
744 2160 932 2203 glaubten,

193 2225 235 2236 =
258 2208 310 2242 sie
330 2207 503 2242 mochten
526 2207 631 2242 nicht
656 2207 743 2241 eher
762 2207 932 2251 glauben.

240 2265 270 2290 c.
286 2254 346 2298 51,
364 2259 392 2289 1.
421 2258 519 2288 aetas
544 2255 650 2296 obvii,
674 2255 817 2297 primus
837 2255 933 2297 quis-

191 2314 257 2347 que
290 2321 332 2326 —
365 2301 561 2346 cupientes]
600 2301 659 2335 die
695 2300 935 2344 Verbindung

193 2349 256 2383 des
281 2347 490 2382 Kollektivs
516 2349 584 2382 mit
610 2348 729 2382 einem
757 2347 936 2382 Pradikat

193 2395 242 2430 im
281 2395 407 2429 Plural
444 2395 493 2429 ist
536 2395 573 2429 in
612 2394 676 2429 der
714 2394 934 2438 Apposition

192 2443 340 2486 quisque
380 2462 422 2466 —
461 2443 641 2486 cupientes
685 2441 753 2475 mit
795 2440 936 2485 grosser

192 2487 358 2524 Freiheit
383 2489 610 2523 wiedeiholt.

240 2536 354 2570 oculis
398 2536 618 2578 α1ι1ίὺ1ιεᾳῑιε
657 2536 807 2569 haurzre
848 2547 937 2580 qau-

192 2583 308 2628 dium]
337 2583 406 2617 den
429 2581 506 2627 Beg
510 2582 572 2616 riff
597 2582 833 2627 „einsaugen,
862 2594 936 2616 0111-

193 2629 401 2665 schlfirfen‘
423 2595 537 2664 dehgnt
562 2609 626 2663 dei·
645 2628 816 2664 Lateiner
841 2629 936 2664 auch

194 2677 260 2711 auf
282 2678 386 2718 oculi,
414 2687 530 2719 aures,
556 2687 663 2711 nares
694 2687 776 2710 aus:
804 2677 935 2720 H01az,

196 2724 260 2759 Od.
289 2728 321 2767 4,
353 2728 380 2758 1.
409 2725 536 2758 ducere
561 2724 714 2758 naribus
739 2727 835 2758 tura.

242 2775 274 2806 2.
302 2771 350 2805 ad
395 2771 581 2805 Illulvium
628 2781 738 2814 usque
775 2770 936 2815 pontem]

189 2817 284 2862 jetzt
303 2821 414 2861 ponte
432 2818 544 2859 molle,
571 2818 621 2852 im
647 2817 797 2852 Norden
818 2817 939 2852 ausser

195 2865 279 2898 dem
313 2864 569 2900 Stadtbezirke
601 2864 779 2909 gelegene
811 2865 938 2899 Tiber-

1589 1802 1750 1841 statum

1006 1925 1154 1960 brficke.
1178 1946 1219 1950 —
1241 1936 1351 1970 usque
1365 1926 1466 1960 steht
1480 1927 1581 1961 sonst
1599 1925 1659 1961 bei
1673 1925 1749 1960 Liv.

1006 1983 1071 2007 vor
1097 1972 1179 2006 dem
1202 1972 1429 2007 Substantiv.
1457 1972 1518 2016 44,
1539 1977 1571 2016 5,
1593 1978 1612 2008 6
1640 1983 1751 2018 usque

1007 2020 1084 2062 (ad)
1112 2020 1261 2054 alterius
1286 2020 1434 2054 initium
1454 2021 1589 2064 pontis.

1054 2071 1086 2100 4.
1112 2070 1153 2101 ut
1177 2067 1326 2111 quisque
1358 2067 1527 2101 audierat
1552 2087 1598 2092 -
1623 2068 1753 2111 imper-

1006 2114 1158 2158 tiebant]
1176 2125 1280 2148 wcnn
1295 2125 1366 2148 von
1381 2114 1471 2147 zwei
1486 2113 1752 2148 wiederholten

1007 2160 1253 2205 Handlungen
1291 2160 1350 2194 die
1388 2161 1516 2195 zweite
1551 2161 1606 2196 als
1638 2160 1751 2204 Folge

1007 2207 1071 2241 der
1097 2209 1217 2242 ersten
1244 2208 1456 2242 erscheinen
1485 2207 1564 2250 soll,
1593 2219 1633 2242 so
1659 2207 1753 2241 setzt

1006 2253 1083 2288 Liv.
1118 2254 1176 2288 die
1204 2256 1300 2288 erste
1334 2253 1370 2288 in
1397 2254 1502 2288 einen
1531 2254 1751 2288 Vordersatz

1007 2301 1076 2334 mit
1108 2305 1149 2335 ut
1180 2301 1268 2335 oder
1294 2301 1358 2335 ubi
1388 2301 1439 2334 im
1466 2300 1753 2344 Plusquamper-

1007 2347 1102 2389 fekt,
1130 2347 1188 2382 die
1214 2348 1340 2381 zweite
1368 2347 1406 2381 in
1431 2347 1538 2381 einen
1565 2348 1752 2382 Naehsatz

1007 2395 1058 2428 im
1083 2394 1298 2438 Imperfekt.
1326 2393 1360 2436 4,
1387 2398 1441 2436 56,
1465 2399 1482 2428 7
1510 2398 1549 2428 ut
1576 2395 1624 2428 ad
1648 2404 1752 2438 quos-

1008 2452 1074 2485 que
1101 2444 1243 2475 ventum
1275 2445 1368 2484 erat,
1401 2451 1572 2476 umnerus
1597 2460 1640 2466 —
1668 2451 1750 2475 cou-

1009 2489 1243 2522 scribebatur.

1058 2539 1088 2569 5.
1115 2538 1291 2569 smmnota
1310 2534 1435 2580 turba]
1462 2535 1511 2568 ist
1536 2534 1607 2569 abl.
1634 2533 1748 2568 absol.

1009 2582 1103 2616 Kein
1135 2582 1356 2626 unbefugter
1388 2581 1509 2616 durfte
1540 2581 1611 2615 den
1638 2580 1751 2616 Senat

1008 2629 1187 2664 betreten.

1057 2679 1089 2711 8.
1116 2688 1139 2711 α
1172 2676 1263 2710 viris
1298 2676 1523 2721 feminisque]
1563 2687 1606 2710 zu
1644 2674 1752 2710 feier-

1010 2723 1145 2758 lichem
1166 2723 1439 2757 Gottesdienste
1466 2722 1648 2766 vereinigt
1673 2722 1750 2756 sich

1010 2771 1100 2804 stet-s
1121 2770 1179 2804 die
1193 2780 1307 2814 ganze
1322 2769 1475 2803 Familie
1489 2773 1508 2811 ξ
1523 2773 1554 2803 9.
1567 2772 1752 2803 matronae

1011 2817 1234 2861 amplissima
1246 2819 1336 2851 veste
1345 2827 1424 2851 eum
1434 2817 1565 2851 liberis.
1584 2816 1643 2858 22,
1656 2819 1708 2857 10,
1718 2819 1750 2850 8.

1061 2868 1114 2898 10.
1140 2866 1273 2898 statum
1299 2883 1340 2887 —
1367 2863 1490 2908 movit]
1528 2873 1596 2905 „er
1623 2865 1752 2897 ver'an-
