1926 3219
115 287 157 317 11
186 278 322 318 tronis
385 277 683 318 sacrificatum.

119 1099 169 1135 38

184 113 239 155 66
642 111 784 147 LIBER
811 112 957 147 xxvn.
1011 112 1110 148 CAP.
1138 116 1192 147 37.
1220 117 1275 150 38.

1580 135 1605 153 a.
1625 135 1657 153 u.
1679 129 1740 155 547.

183 220 318 274 pelvis
347 233 473 260 aurea
500 219 614 260 facta
645 219 816 272 lataque
842 219 886 259 in
907 218 1180 271 Aventinum,
1205 233 1391 274 pureque
1412 223 1455 262 et
1474 225 1589 264 caste
1611 237 1635 263 a
1654 237 1741 263 ma-

757 275 984 317 confestim
1035 276 1088 317 ad

1137 277 1252 318 aliud
1301 279 1554 321 sacrificium
1606 280 1742 321 eidem

186 336 307 376 divae
334 335 386 376 ab
421 334 669 377 decemviris
701 333 840 376 edicta
873 334 975 387 dies,
1006 335 1125 376 cuius
1158 335 1262 376 ordo
1294 336 1395 378 talis
1427 337 1526 380 fuit:
1560 339 1613 380 ab
1640 338 1743 380 aede

186 394 400 448 Apollinis
431 394 562 434 boves
589 392 774 433 feminae
801 392 923 433 albae
952 393 1058 434 duae
1084 396 1210 447 porta
1236 392 1497 436 Carmentali
1523 397 1567 438 in
1593 397 1743 438 urbem

119 460 161 491 12
188 452 356 504 ductae3
395 455 493 505 post
532 465 603 492 eas
643 450 725 492 duo
758 451 881 505 signa
913 465 1138 505 cupressea
1168 451 1343 493 Iunonis
1375 451 1563 507 Reginae
1600 458 1744 508 porta-

187 511 361 562 bantur3
386 513 477 551 tum
503 511 666 564 septem
693 514 736 551 et
761 510 916 564 viginti
942 510 1143 565 virgines,
1167 510 1345 564 longam
1372 511 1544 553 indutae
1570 516 1744 566 vestem,

118 576 160 607 13
188 583 359 610 carmen
397 569 441 609 in
473 568 682 609 Iunonem
716 568 927 623 Reginam
966 571 1167 610 canentes
1200 569 1339 621 ibant,
1380 569 1456 610 illa
1487 573 1744 624 tempestate

185 627 367 668 forsitan
406 627 619 669 laudabile
658 627 834 668 rudibus
873 627 1076 681 ingeniis,
1113 642 1225 668 nunc
1261 627 1496 670 abhorrens
1530 632 1572 669 et
1603 630 1744 671 incon-

187 686 342 739 ditum,
375 686 411 726 si
442 685 671 738 referatur,
711 686 926 740 virginum
966 686 1158 727 ordinem
1197 687 1483 741 sequebantur
1521 687 1747 729 decemviri

120 752 164 783 14
191 744 386 785 coronati
418 744 564 785 laurea
595 744 947 799 praetextatique.

187 816 350 844 venere.

1012 759 1036 785 a
1060 747 1188 798 porta
1212 744 1386 799 Iugario
1418 746 1512 787 vico
1538 746 1582 786 in
1608 746 1748 787 forum

416 803 460 844 in
492 802 586 844 foro
618 817 776 856 pompa
810 802 1016 856 constitit,
1048 806 1089 844 et
1120 817 1196 856 per
1227 818 1377 844 manus
1403 807 1516 845 reste
1542 804 1642 845 data
1667 804 1750 845 vir-

123 870 166 901 15
193 861 314 916 gines
349 875 498 903 sonum
534 862 648 901 vocis
681 861 806 914 pulsu
840 860 993 915 pedum
1020 861 1289 902 modulantes
1315 863 1589 904 incesserunt.

1651 863 1748 903 inde

192 920 285 962 vico
319 919 459 962 Tusco
492 919 767 973 Velabroque
800 933 875 972 per
907 917 1140 960 Bovarium
1172 919 1312 961 forum
1345 921 1389 961 in
1421 921 1575 962 clivum
1607 921 1750 962 Publi-

193 979 305 1020 cium
333 981 459 1032 atque
488 977 633 1019 aedem
660 977 839 1018 Iunonis
860 976 1052 1032 Reginae
1074 980 1328 1032 perrectum.
1378 978 1437 1019 ibi
1458 979 1564 1020 duae
1584 979 1751 1021 hostiae

194 1037 247 1078 ab
271 1036 520 1077 decemviris
547 1036 795 1077 immolatae
818 1039 860 1076 et
881 1037 1110 1077 simulacra
1131 1050 1354 1090 cupressea
1375 1037 1418 1077 in
1439 1037 1586 1078 aedem
1606 1038 1751 1079 inlata.

315 1094 418 1136 Deis
457 1095 536 1136 rite
574 1095 754 1148 placatis
793 1095 995 1136 dilectum
1034 1095 1230 1136 consules
1269 1095 1489 1136 habebant
1521 1096 1658 1137 acrius
1691 1096 1754 1136 in-

189 1153 447 1208 tentiusque,
468 1168 596 1208 quam
617 1153 834 1206 prioribus
857 1154 979 1194 annis
1008 1154 1233 1208 quisquam
1260 1154 1512 1195 meminerat
1537 1154 1752 1195 habitum:

144 1221 165 1252 2
192 1226 294 1253 nam
327 1215 370 1253 et
401 1212 506 1253 belli
538 1214 676 1253 terror
709 1212 951 1266 duplicatus
983 1212 1085 1254 novi
1117 1212 1256 1253 hostis
1289 1213 1333 1254 in
1358 1212 1529 1254 Italiam
1557 1213 1753 1266 adventu,

144 1280 165 1311 3
193 1273 236 1311 et
275 1271 414 1311 minus
448 1271 682 1312 iuventutis
717 1274 828 1324 erat,
866 1270 976 1312 unde
1011 1271 1244 1312 scriberent
1275 1271 1446 1312 milites.

1508 1272 1652 1325 itaque
1684 1285 1751 1312 co-

192 1330 316 1370 lonos
338 1329 468 1370 etiam
489 1329 741 1382 maritimos,
768 1330 840 1384 qui
861 1332 1178 1371 sacrosanctam
1205 1330 1472 1371 vacationem
1501 1330 1753 1371 dicebantur

192 1387 364 1441 habere,
396 1387 495 1429 dare
528 1388 686 1429 milites
719 1388 942 1443 cogebant.
994 1389 1146 1443 quibus
1179 1389 1473 1430 recusantibus
1508 1389 1676 1430 edixere
1709 1388 1753 1429 in

194 1446 304 1487 diem
349 1450 530 1499 certam,
567 1449 632 1499 ut,
677 1461 760 1500 quo
806 1447 982 1500 quisque
1035 1447 1125 1487 iure
1157 1447 1424 1488 vacationem
1462 1447 1657 1500 haberet,
1701 1446 1780 1488 ad'

146 1515 168 1546 4
197 1509 392 1546 senatum
438 1505 630 1546 deferret.

191 1642 453 1678 altertsimlich.
507 1642 566 1685 25,
607 1646 667 1685 12,
710 1647 764 1677 14.
809 1643 935 1687 stipem

190 1691 361 1735 Apollini
387 1711 430 1714 —
458 1690 643 1731 conferret.

241 1741 295 1773 11.
315 1748 478 1782 pureque
502 1741 533 1771 et
560 1737 668 1782 caste]
696 1753 739 1766 =
767 1740 860 1771 caste
894 1747 936 1772 ae

192 1785 363 1829 rele'yiose.
393 1784 424 1826 7,
452 1787 507 1826 20,
528 1788 560 1818 4.
589 1784 647 1826 10,
671 1788 702 1827 7,
727 1788 764 1826 53
793 1784 935 1829 Gegen·

193 1833 269 1866 satz
307 1832 437 1866 inceste
467 1831 689 1873 sacrificium
721 1831 848 1873 facere.
901 1830 934 1874 1,

190 1882 248 1921 45,
281 1881 312 1912 e.

241 1925 285 1960 ab
312 1925 396 1960 aede
421 1925 622 1970 Apollinis]
650 1935 717 1960 vor
743 1924 808 1959 der
827 1928 939 1969 porta

194 1971 444 2007 Carmentalis.

243 2018 632 2064 bovesfeminaealbae]
656 2018 715 2052 die
731 2018 939 2063 Zuseztung

193 2076 266 2101 von
297 2066 469 2108 feminae,
502 2065 650 2100 obwohl
682 2065 798 2099 durch
836 2066 939 2100 albae

195 2112 261 2146 das
277 2112 498 2147 Geschlecht
511 2112 753 2146 hinreichend
773 2112 938 2146 bezeich-

194 2161 259 2194 net
284 2159 345 2201 ist,
371 2159 576 2204 entspricht
602 2159 666 2193 der
693 2157 940 2203 Genauigkeit

197 2207 262 2241 des
289 2206 460 2241 sakralen
480 2205 943 2248 Stiles.‘25‚12,13.b0ve

195 2254 333 2296 femina
359 2256 503 2288 aurata.

247 2303 299 2335 12.
328 2301 469 2345 longam
495 2320 537 2325 —
566 2299 706 2344 vestem]
737 2310 813 2344 sog.
847 2299 941 2344 grie-

198 2346 367 2381 chischer
385 2346 597 2390 Accusativ,
624 2347 694 2381 den
714 2345 792 2380 Liv.
818 2345 855 2380 in
883 2345 940 2380 die

197 2392 310 2428 Prosa
336 2393 510 2429 einfuhrt.
543 2392 602 2435 ⁴21,
651 2397 728 2436 ,10
754 2394 942 2427 acleetsum

196 2441 314 2484 femur
340 2461 382 2465 —
410 2442 510 2475 ictus.

249 2491 301 2523 13.
335 2487 547 2532 abhorrens]
575 2487 638 2521 der
671 2486 942 2531 adjektivische

199 2534 394 2569 Gebrauch
434 2535 498 2568 der
533 2534 632 2568 Part.
666 2533 855 2568 Praesent.
894 2533 943 2567 ist

199 2581 265 2616 auf
287 2581 452 2616 einzelne
472 2579 706 2616 intransitive
727 2580 852 2615 Verba
879 2579 940 2615 be-

201 2628 393 2670 schrankt3
445 2628 560 2662 daher
605 2629 708 2662 sonst
754 2626 814 2661 bei
865 2627 943 2661 Liv.

201 2676 381 2710 horridus.
426 2674 494 2709 Die
537 2674 726 2709 Attribute
772 2673 945 2709 scheinen

202 2722 490 2765 auszudriicken,
515 2720 594 2756 dass
620 2721 686 2755 das
706 2720 864 2756 Gedicht
890 2732 944 2755 sa,-

201 2768 408 2802 turnisches
435 2768 623 2803 Versmass
649 2769 764 2802 hatte.

252 2819 305 2848 14.
327 2826 393 2859 per
436 2826 565 2849 manus
607 2818 695 2850 reste
738 2814 843 2861 elata]
892 2814 943 2848 sie

201 2861 350 2897 reichen
371 2861 428 2896 ein
451 2861 524 2896 Sei]
545 2872 616 2897 von
637 2861 745 2896 Hand
772 2873 816 2896 zu
835 2861 944 2896 Hand

704 1519 751 1546 ea
797 1506 862 1546 die
908 1506 959 1546 ad
1006 1508 1202 1546 senatum
1248 1505 1291 1545 hi
1336 1506 1483 1559 populi
1529 1508 1753 1546 venerunt:

1008 1644 1090 1687 (per
1111 1644 1179 1686 m.,)
1208 1653 1247 1677 so
1271 1642 1351 1677 dass
1378 1654 1415 1678 es
1437 1643 1660 1679 schliefslich
1682 1643 1754 1695 alle

1009 1690 1148 1724 halten.

1056 1736 1297 1782 modulantes]
1312 1736 1364 1771 sie
1379 1737 1506 1781 regeln
1522 1737 1591 1773 den
1607 1736 1754 1782 Gesang

1011 1783 1126 1818 durch
1147 1782 1379 1825 Takttreten,
1406 1794 1510 1818 wozu
1531 1784 1629 1818 wohl
1655 1785 1754 1828 ryth-

1009 1830 1147 1865 mische
1189 1830 1448 1875 Bewegungen
1491 1830 1554 1866 des
1595 1831 1756 1876 Korpers

1008 1877 1193 1913 kommen.

1059 1926 1099 1958 in
1113 1925 1242 1959 clii-um
1251 1944 1294 1949 —-
1298 1925 1521 1971 porrectum]
1541 1925 1755 1961 manznahm

1012 1971 1070 2005 die
1090 1971 1281 2015 Richtung
1306 1971 1373 2006 auf
1395 1972 1466 2006 den
1487 1973 1527 2008 cI.
1552 1971 1754 2012 Publicius,

1012 2018 1103 2052 fiber
1141 2017 1307 2053 welchen
1352 2029 1439 2053 man
1477 2030 1559 2053 zum
1597 2019 1757 2054 Aventin

1011 2065 1087 2099 und
1119 2075 1166 2099 an
1193 2065 1264 2100 den
1290 2065 1444 2110 Tempe]
1471 2066 1537 2101 der
1562 2066 1662 2102 Juno
1688 2065 1758 2101 Re-

1011 2113 1099 2157 92'na
1125 2112 1312 2157 gelangte.

1059 2169 1089 2193 (3.
1118 2158 1176 2194 38.
1204 2158 1640 2204 Heeresriistungen.

1063 2209 1096 2240 2
1125 2206 1206 2240 belli
1223 2206 1354 2252 terror]
1377 2223 1420 2235 =
1436 2207 1644 2250 periculum
1664 2207 1763 2247 bellu

1015 2252 1224 2296 poetische,
1264 2253 1352 2287 aber
1389 2254 1449 2287 bei
1482 2252 1558 2287 Liv.
1600 2253 1762 2287 beliebte

1016 2300 1223 2343 Wendung.
1252 2311 1280 2334 c.
1309 2303 1365 2341 42,
1392 2303 1422 2333 2
1452 2301 1621 2344 equestris
1647 2303 1762 2334 terror

1017 2346 1050 2390 1,
1077 2350 1108 2390 2,
1135 2350 1157 2380 4
1183 2347 1278 2380 tanti
1303 2347 1384 2380 belli
1410 2350 1523 2381 terto?
1526 2358 1597 2381 rem
1621 2358 1655 2380 u.
1683 2356 1715 2381 a.

1063 2397 1094 2428 3.
1123 2393 1264 2427 colonos
1279 2413 1320 2418 —
1337 2394 1550 2438 maritimos]
1575 2393 1634 2427 die
1649 2392 1757 2428 Kolo-

1014 2440 1133 2474 nisten
1167 2439 1230 2474 der
1257 2439 1448 2474 Seestadte
1480 2446 1661 2484 genossen
1693 2451 1758 2474 un-

1015 2486 1225 2521 antastbare
1260 2487 1459 2531 Befreiung
1493 2498 1577 2522 vom
1609 2485 1757 2531 Kriegs-

1015 2533 1158 2568 dienste
1192 2536 1473 2577 (sacrosanctam
1503 2534 1755 2576 vacationem),

1014 2591 1138 2614 waren
1157 2580 1294 2624 jedoch
1309 2581 1346 2615 in
1360 2581 1477 2615 ihrem
1492 2579 1695 2614 Wohnorte
1715 2592 1759 2614 zu

1018 2628 1150 2662 stetem
1173 2626 1496 2662 Garnisondienste
1514 2626 1758 2671 verpflichtet.

1065 2674 1204 2709 edixere
1230 2675 1270 2708 in
1295 2675 1386 2708 diem
1413 2677 1553 2716 certam,
1581 2673 1636 2718 ut]
1667 2674 1759 2708 statt

1017 2721 1158 2756 ediscere
1191 2724 1390 2756 senatum
1421 2721 1461 2754 in
1492 2721 1585 2754 diem
1616 2723 1758 2762 certam,

1018 2769 1073 2802 ad
1092 2779 1212 2812 quem
1227 2787 1268 2793 ——
1284 2768 1450 2810 deferret3
1465 2767 1538 2812 vgl.
1555 2767 1588 2809 1,
1601 2771 1656 2809 50,
1673 2771 1702 2801 1.
1718 2768 1759 2800 in

1017 2815 1109 2849 diem
1132 2818 1272 2857 certam,
1299 2818 1338 2848 ut
1364 2815 1412 2848 ad
1439 2815 1557 2849 lucum
1578 2813 1760 2848 Feroniae

1017 2862 1240 2903 conveniant,
1269 2861 1407 2896 indicit.
