1926 3219
225 130 280 172 84
681 130 824 164 LIBER
849 130 997 166 XXVII.
1048 130 1149 165 CAP.
1177 134 1233 166 49.
1261 136 1316 166 50.

1617 151 1642 170 a.
1663 151 1692 169 u.
1713 144 1776 170 547.

229 238 459 291 imperium
492 237 764 289 sprevissent,
797 236 1043 290 primusque
1070 237 1112 277 id
1137 236 1382 278 Hasdrubal
1408 239 1664 291 instituerat,
1696 237 1779 278 dux

181 304 199 334 3
229 310 324 337 cum
357 309 484 348 saepe
518 294 623 334 alias
656 294 966 347 memorabilis,
1003 297 1094 335 tum
1126 295 1202 335 illa
1233 296 1457 348 praecipue
1489 311 1645 352 pugna.
1706 296 1779 336 ille

226 354 460 407 pugnantis
493 351 705 392 hortando
738 351 981 406 pariterque
1014 352 1208 394 obeundo
1241 352 1428 406 pericula
1460 355 1674 407 sustinuit,
1707 354 1779 394 ille

229 412 366 452 fessos
399 410 711 463 abnuentisque
743 410 884 452 taedio
917 411 1108 452 laborem
1141 425 1252 452 nunc
1284 412 1494 464 precando
1519 427 1631 454 nunc
1657 413 1781 454 casti-

229 469 370 524 gando
411 468 620 522 accendit,
658 468 731 509 ille
770 468 974 522 fugientis
1012 470 1228 510 revocavit
1266 469 1553 524 omissamque
1592 485 1780 526 pugnam

178 536 199 566 4
227 528 391 582 aliquot
435 527 541 568 locis
586 527 794 580 restituit3
846 531 1082 581 postremo,
1132 542 1227 569 cum
1278 527 1391 568 haud
1442 527 1566 568 dubie
1608 530 1782 570 fortuna

227 586 417 628 hostium
453 588 578 638 esset,
609 600 662 627 ne
689 589 906 640 superstes
932 589 1054 627 tanto
1082 586 1286 628 exercitui
1313 600 1434 627 suum
1454 600 1610 627 nomen
1636 590 1780 628 secuto

225 648 356 698 esset,
395 645 607 685 concitato
648 658 756 698 equo
797 659 840 685 se
872 645 916 685 in
949 645 1167 686 cohortem
1200 645 1439 686 Romanam
1470 645 1648 686 inmisit.
1709 646 1782 699 ibi,

225 706 273 743 ut
303 705 424 757 patre
450 702 693 744 Hamilcare
727 706 769 743 et
795 702 1037 744 Hannibale
1069 703 1202 745 fratre
1235 704 1411 759 dignum
1446 706 1549 756 erat,
1580 717 1780 758 pugnans

226 761 388 803 cecidit.

182 828 201 858 5
346 818 594 873 Numquam
626 834 675 861 eo
708 820 822 860 bello
855 834 940 860 una
972 820 1060 861 acie
1092 822 1261 862 tantum
1293 820 1482 861 hostium
1512 819 1783 861 interfectum

230 881 312 932 est,
350 877 599 932 redditaque
643 892 778 931 aequa
810 876 1022 919 Cannensi
1054 879 1195 920 clades
1227 879 1292 919 vel
1325 879 1441 919 ducis
1473 879 1541 919 vel
1573 878 1783 919 exercitus

186 946 205 975 6
234 937 410 978 interitu
455 936 690 977 videbatur.
765 937 1074 991 quinquaginta
1119 951 1192 978 sex
1238 937 1358 977 milia
1399 937 1590 978 hostium
1634 937 1785 990 occisa,

236 998 361 1049 capta
393 996 576 1048 quinque
607 994 726 1035 milia
758 998 801 1035 et
833 995 1151 1049 quadringenti3
1192 1009 1351 1049 magna
1382 995 1541 1048 praeda
1571 995 1658 1036 alia
1689 1009 1785 1036 cum

190 1063 207 1092 7
235 1054 373 1095 omnis
401 1053 568 1107 generis
594 1055 686 1093 tum
714 1054 806 1094 auri
834 1054 964 1094 etiam
991 1054 1252 1108 argentique.
1300 1054 1455 1094 civium
1482 1054 1613 1094 etiam
1632 1053 1786 1094 Roma-

231 1126 396 1165 norum,
417 1112 487 1166 qui
509 1112 624 1166 capti
646 1111 758 1165 apud
778 1111 924 1153 hostes
945 1116 1076 1166 erant,
1097 1127 1226 1166 supra
1246 1115 1448 1165 quattuor
1463 1111 1583 1152 milia
1597 1112 1786 1165 capitum

233 1173 423 1225 recepta3
455 1170 498 1211 id
531 1170 677 1212 solacii
709 1169 791 1211 fuit
821 1185 899 1224 pro
933 1171 1102 1212 amissis
1137 1186 1185 1212 eo
1218 1171 1379 1225 proelio
1412 1169 1633 1210 militibus.
1686 1184 1787 1210 nam

234 1229 568 1283 haudquaquam
600 1229 820 1271 incruenta
852 1230 1033 1271 victoria
1065 1230 1165 1270 suit:
1199 1231 1295 1270 octo
1330 1229 1462 1269 ferme
1487 1228 1609 1269 milia
1633 1227 1788 1269 Roma-

188 1295 207 1326 8
235 1302 387 1329 norum
426 1288 725 1342 sociorumque
763 1288 920 1341 occisa3
959 1288 1147 1343 adeoque
1187 1288 1313 1329 etiam
1351 1288 1534 1328 victores
1568 1286 1787 1340 sanguinis

234 1347 459 1401 caedisque
487 1349 658 1400 ceperat
684 1347 873 1399 satietas,
906 1350 953 1388 ut
977 1350 1150 1401 postero
1178 1347 1257 1399 die,
1289 1361 1383 1387 cum
1411 1348 1522 1387 esset
1546 1345 1789 1386 nuntiatum

233 1405 355 1446 Livio
395 1405 561 1446 consuli
600 1404 747 1446 Gallos
787 1403 1029 1459 Cisalpinos
1068 1405 1346 1460 Liguresque,
1390 1404 1461 1458 qui
1506 1406 1580 1444 aut
1624 1403 1787 1457 proelio

233 1478 320 1505 non
353 1463 594 1505 adfuissent
626 1466 699 1504 aut
730 1464 841 1504 inter
874 1464 1047 1506 caedem
1074 1464 1333 1518 effugissent,
1364 1477 1448 1503 uno
1477 1462 1646 1517 agmine
1672 1461 1789 1502 abire

235 1522 325 1563 sine
358 1526 474 1563 certo
508 1522 629 1574 duce,
662 1522 754 1563 sine
787 1523 940 1577 signis,
979 1523 1069 1563 sine
1102 1522 1247 1563 ordine
1280 1522 1367 1562 ullo
1402 1523 1476 1561 aut
1514 1520 1711 1573 imperi03
1753 1519 1789 1560 si

189 1589 209 1619 9
235 1595 321 1621 una
359 1581 549 1634 equitum
589 1580 658 1621 ala
702 1581 916 1634 mittatur,
961 1595 1086 1634 posse
1133 1595 1280 1621 omnes
1325 1579 1474 1620 deleri:
1519 1577 1789 1632 „supersint“

235 1639 374 1693 inquit
405 1639 563 1693 „aliqui
589 1639 729 1679 nuntii
762 1642 803 1679 et
835 1639 1024 1680 hostium
1057 1639 1188 1680 cladis
1221 1641 1263 1679 et
1293 1640 1467 1679 nostrae
1499 1636 1708 1678 virtutis“.

161 1701 212 1738 50
357 1697 473 1739 Nero
507 1712 557 1738 ea
588 1700 725 1750 nocte,
758 1712 865 1751 quae
895 1700 1041 1739 secuta¹
1069 1700 1134 1737 est
1159 1711 1347 1752 pugnam
1375 1696 1656 1750 <profectus>‚
1689 1696 1790 1736 cita-

239 1757 349 1797 tiore
377 1771 504 1811 quam
533 1756 630 1797 inde
656 1759 833 1797 venerat
860 1757 1030 1811 agmine
1057 1756 1123 1797 die
1150 1759 1268 1796 sexto
1297 1755 1348 1796 ad
1376 1755 1536 1795 stativa
1561 1769 1638 1794 sua
1664 1756 1792 1808 atque

192 1823 211 1853 2
240 1815 292 1855 ad
323 1815 493 1857 hostem
525 1814 727 1868 pervenit.
784 1815 865 1855 iter
909 1815 997 1856 eius
1036 1815 1275 1869 frequentia
1311 1814 1492 1866 minore,
1531 1813 1632 1866 quia
1668 1825 1791 1853 nemo

235 1877 530 1927 praecesserat
573 1874 767 1927 nuntius,
817 1874 984 1914 laetitia
1027 1888 1128 1914 vero
1178 1875 1317 1926 tanta,
1367 1872 1437 1913 vix
1480 1873 1528 1912 ut
1577 1872 1792 1924 compotes

189 1940 208 1970 3
236 1933 445 1974 mentium
484 1946 585 1986 prae
629 1931 785 1987 gaudio
833 1934 992 1985 essent,
1033 1932 1294 1973 celebratum
1339 1933 1413 1971 est.
1485 1944 1586 1970 nam
1630 1928 1792 1970 Romae

1053 2081 1119 2125 24,
1153 2085 1214 2124 ρο,
1251 2085 1282 2116 2.
1320 2060 1481 2116 reddidit
1517 2081 1610 2115 hosti
1646 2079 1791 2115 cladem.

1053 2128 1113 2171 24,
1142 2133 1195 2170 17,
1224 2133 1255 2164 7.
1282 2141 1314 2162 11.
1344 2132 1374 2163 ὃ.

1101 2180 1132 2210 7.
1154 2176 1194 2210 id
1206 2176 1334 2210 solacii
1346 2174 1436 2220 fuit]
1452 2174 1511 2208 die
1526 2172 1794 2208 Konstruktion

279 2083 472 2127 imperium
489 2083 719 2128 sprevissent]
740 2083 836 2124 „den
849 2082 980 2117 Befehl

232 2130 337 2165 nicht
360 2130 623 2170 beachteten“;
649 2129 769 2163 neben
789 2130 981 2173 aspernari

234 2178 425 2221 imper-ima
445 2177 593 2221 haufige
608 2176 806 2221 Wendung
825 2176 885 2210 bei
903 2175 978 2210 Liv.

282 2235 362 2258 cum
380 2234 485 2267 saepe
505 2225 599 2258 alias
621 2243 663 2248 —
683 2223 775 2268 tum]
803 2223 878 2259 Liv.
900 2234 980 2257 ver-

235 2270 366 2305 bindet
389 2269 629 2315 regelmassig
659 2282 847 2314 nunquam
873 2271 980 2312 alias,

234 2328 321 2352 raro
348 2318 459 2359 alias,
492 2328 596 2361 saepe
621 2318 732 2356 alias,
766 2316 860 2351 auch
886 2328 979 2351 uuaz-

235 2375 343 2408 quam
370 2365 465 2398 alias
491 2368 574 2398 ante
598 2364 637 2398 in
664 2365 890 2408 temporaler
916 2364 982 2398 Be-

235 2411 410 2455 deutung.

283 2461 316 2492 4.
343 2469 423 2491 cum
449 2458 602 2499 fortuna
628 2477 671 2482 —
696 2457 850 2492 hostium
879 2458 978 2501 esset]

178 2530 182 2535 ,
235 2504 315 2547 „als
351 2504 416 2538 der
451 2504 580 2548 Erfolg
614 2504 685 2538 den
721 2504 883 2538 Feinden
920 2515 981 2548 ge-

235 2552 376 2586 horte“.
403 2551 546 2593 3‚37‚7.
575 2552 980 2595 cm›z(fortha)—po-

235 2599 400 2634 tentioris
424 2601 520 2632 esset.

282 2649 323 2680 ut
351 2665 393 2670 —-
420 2646 571 2689 dignum
596 2645 688 2689 erat]
717 2644 797 2679 61116
823 2645 882 2678 bei
902 2644 978 2679 Liv.

235 2691 400 2736 h'aufige,
428 2703 494 2726 vor
525 2691 602 2725 ihm
634 2691 810 2726 meistens
839 2690 979 2726 dichte-

236 2738 355 2774 rische
381 2738 589 2783 Wendung.

285 2789 318 2820 5.
344 2787 556 2830 redditaque
575 2796 691 2830 aequa
705 2785 890 2820 Cannensi
910 2785 980 2820 cla-

238 2832 313 2876 des}
361 2832 445 2875 „die
476 2832 701 2877 Niederlage
742 2831 801 2867 bei
834 2832 980 2866 Cannae

238 2889 314 2913 war
356 2879 666 2924 heimgegeben“,
704 2878 980 2923 wettgemacht.

1052 2223 1120 2257 wie
1148 2234 1176 2256 c.
1206 2226 1260 2265 14,
1287 2227 1318 2256 5.
1346 2222 1415 2256 Zur
1440 2221 1637 2264 VVendung
1661 2219 1722 2263 30,
1740 2222 1794 2262 13,

1056 2274 1096 2303 13
1122 2270 1186 2304 hoc
1210 2271 1252 2304 in
1276 2269 1430 2304 miseriis
1453 2268 1581 2302 solacii
1605 2277 1686 2301 esse.

1099 2317 1177 2351 sine
1201 2315 1366 2360 imperio]
1397 2331 1439 2342 =
1465 2315 1542 2348 sine
1563 2315 1793 2357 imperatore;

1054 2363 1297 2398 Abstraktum
1329 2363 1419 2396 statt
1450 2361 1511 2395 des
1536 2360 1793 2394 Konkretums.

1101 2410 1235 2455 inquit]
1259 2409 1324 2443 das
1338 2408 1550 2450 Bestreben,
1569 2407 1627 2441 die
1641 2406 1795 2450 eigenen

1054 2457 1182 2491 Worte
1218 2456 1281 2490 des
1308 2455 1452 2498 Siegers
1482 2452 1795 2497 wiederzugeben,

1054 2504 1121 2537 hat
1153 2516 1194 2537 zu
1228 2503 1348 2537 einem
1377 2501 1573 2536 Vei-lassen
1605 2499 1670 2534 der
1699 2499 1794 2533 nach

1052 2555 1093 2585 ut
1125 2549 1411 2585 erforderlichen
1440 2547 1613 2582 Struktur
1644 2545 1718 2579 und
1752 2557 1796 2580 zu

1054 2597 1173 2631 einem
1221 2596 1336 2631 freien
1379 2594 1592 2629 Anakoluth
1635 2592 1795 2636 gefiihrt.

1053 2644 1087 2686 4,
1115 2647 1172 2686 28,
1199 2648 1232 2678 3.
1258 2644 1300 2677 ni
1326 2662 1368 2667 ——
1404 2641 1541 2676 Vettius
1567 2640 1725 2674 Messius
1751 2659 1794 2664 —

1052 2692 1211 2735 iuquit.

1101 2748 1133 2773 6.
1159 2737 1300 2772 50-6.
1340 2735 1399 2770 51.

1055 2784 1211 2829 Sieges
1238 2783 1281 2817 111
1308 2783 1424 2816 Rom.

1101 2835 1131 2865 3.
1158 2829 1402 2873 namRomae]
1421 2829 1484 2863 der
1495 2827 1676 2862 romische
1685 2827 1795 2861 Leser

1054 2879 1226 2912 erwartet
1257 2877 1360 2911 nicht
1395 2875 1454 2910 die
1485 2875 1694 2919 Stimmung
1730 2873 1795 2908 der

1451 2733 1683 2768 Eindruck
1720 2733 1794 2767 des
