1926 3219
162 309 202 339 13

162 424 203 454 14

164 716 203 745 15

163 949 204 980 16

162 1065 201 1096 17

162 1240 205 1271 18

160 1358 201 1389 19

161 1475 205 1506 20

229 79 284 120 36
726 79 870 114 LIBER
895 80 1042 115 XXVII.
1093 79 1196 115 CAP.
1228 85 1280 116 18.

1629 103 1655 121 a.
1676 103 1703 122 ιι.
1725 97 1784 123 545.

233 189 382 227 contra
415 199 537 239 saxa,
579 199 684 239 quae
718 185 837 226 locus
871 188 1007 226 strata
1039 186 1212 239 passim,
1245 187 1389 229 omnia
1419 189 1552 232 ferme
1585 190 1780 244 missilia,

230 243 418 297 praebet,
450 244 653 298 ingerere,
685 257 771 283 non
802 243 962 283 milites
995 242 1136 284 solum
1169 243 1243 284 sed
1275 245 1405 287 etiam
1430 249 1556 289 turba
1582 248 1783 289 calonum

230 301 409 342 inmixta
443 300 630 342 armatis.
694 301 881 340 ceterum
923 314 1180 354 quamquam
1219 315 1417 345 ascensus
1455 306 1641 347 difficilis
1681 309 1783 359 erat,

229 362 271 400 et
301 374 434 413 prope
467 357 755 399 obruebantur
786 358 884 398 telis
918 358 1127 412 saxisque,
1160 359 1435 402 adsuetudine
1467 365 1610 405 tamen
1643 378 1784 406 succe-

230 417 355 459 dendi
394 429 537 457 muros
581 418 622 456 et
661 415 899 470 pertinacia
937 416 1067 457 animi
1100 416 1321 458 subierunt
1352 418 1490 472 primi.
1552 422 1624 475 qui
1657 423 1784 463 simul

229 488 374 528 cepere
407 473 567 527 aliquid
600 474 722 528 aequi
754 474 856 528 loci,
893 475 965 516 ubi
997 474 1120 516 firmo
1153 475 1437 517 consisterent
1469 479 1620 533 gradu,
1650 480 1786 521 levem

231 536 272 574 et
307 534 656 574 concursatorem
687 532 856 574 hostem
890 536 1016 587 atque
1049 533 1278 575 intervallo
1310 536 1470 589 tutum,
1511 550 1605 578 cum
1637 539 1786 592 procul

229 591 465 632 missilibus
503 604 650 645 pugna
689 591 892 644 eluditur,
937 592 1182 633 instabilem
1226 591 1405 634 eundem
1453 592 1505 634 ad
1549 596 1786 638 comminus

235 649 519 691 conserendas
552 663 721 703 manus,
760 651 1013 704 expulerunt
1043 650 1157 704 loco,
1195 653 1237 692 et
1269 665 1364 692 cum
1397 651 1522 693 caede
1555 666 1713 708 magna
1744 654 1787 695 in

235 708 369 749 aciem
425 707 572 748 altiori
623 711 938 762 superstantem
987 708 1153 750 tumulo
1204 709 1416 764 inpegere.
1496 710 1593 752 inde
1644 709 1786 765 Scipio

228 766 357 807 iussis
386 765 588 807 adversus
613 766 799 807 mediam
825 766 1001 807 evadere
1029 767 1163 807 aciem
1190 767 1423 809 victoribus
1450 771 1613 810 ceteras
1641 769 1787 823 copias

230 838 327 866 cum
359 823 507 865 Laelio
542 824 711 877 dividit,
744 827 869 878 atque
902 839 998 865 eum
1030 827 1152 877 parte
1185 825 1334 866 dextra
1365 827 1518 868 tumuli
1551 827 1789 882 circumire,

230 883 363 925 donec
397 883 607 924 mollioris
641 897 839 923 ascensus
872 882 986 924 viam
1016 883 1242 937 inveniret,
1280 883 1419 938 iubet3
1458 885 1546 938 ipse
1580 886 1633 926 ab
1667 886 1790 927 laeva

232 941 456 983 circumitu
498 940 612 981 haud
656 954 812 996 magno
858 941 902 982 in
946 943 1216 982 transversos
1255 941 1392 983 hostis
1431 943 1620 985 incurrit.
1692 944 1789 986 inde

230 1000 369 1054 primo
414 999 588 1040 turbata
635 999 747 1040 acies
792 1001 873 1053 est,
924 999 1024 1041 dum
1069 999 1121 1041 ad
1165 999 1554 1042 circumsonantem
1602 1001 1788 1056 undique

231 1059 462 1099 clamorem
504 1057 673 1098 flectere
712 1072 871 1099 cornua
909 1060 951 1099 et
992 1058 1213 1099 obvertere
1258 1058 1426 1099 ordines
1471 1059 1633 1101 volunt.
1707 1059 1789 1102 hoc

231 1116 420 1157 tumultu
447 1118 488 1156 et
514 1115 685 1157 Laelius
713 1117 856 1170 subiit,
888 1119 942 1170 et,
974 1116 1075 1157 dum
1100 1116 1251 1170 pedem
1277 1116 1478 1171 referunt,
1503 1132 1556 1159 ne
1583 1119 1637 1159 ab
1664 1120 1788 1174 tergo

231 1175 575 1228 vulnerarentur,
614 1175 757 1216 laxata
795 1175 935 1229 prima
980 1175 1092 1216 acies
1131 1175 1333 1229 locusque
1366 1175 1419 1217 ad
1451 1176 1715 1218 evadendum
1747 1180 1789 1218 et

233 1233 382 1274 mediis
423 1232 547 1274 datus
589 1235 671 1286 est,
710 1234 782 1288 qui
813 1248 888 1287 per
919 1236 1009 1274 tam
1040 1233 1235 1287 iniquum
1266 1234 1407 1275 locum
1439 1235 1651 1276 stantibus
1682 1235 1789 1276 inte-

231 1292 320 1346 gris
378 1291 597 1332 ordinibus
656 1291 979 1346 elephantisque
1031 1295 1128 1333 ante
1179 1292 1304 1347 signa
1354 1293 1504 1334 locatis
1555 1307 1789 1348 numquam

232 1350 480 1391 evasissent.
556 1364 650 1391 cum
695 1350 748 1391 ab
794 1351 911 1392 omni
956 1353 1077 1404 parte
1123 1350 1270 1391 caedes
1314 1350 1454 1403 fieret,
1505 1349 1666 1405 Scipio,
1717 1351 1788 1406 qui

232 1409 352 1450 laevo
392 1422 524 1450 cornu
562 1409 607 1449 in
646 1408 841 1450 dextrum
879 1409 1186 1459 incucurrerat,
1225 1409 1407 1450 maxime
1440 1409 1483 1449 in
1515 1409 1628 1450 nuda
1653 1410 1789 1451 latera

231 1467 421 1509 hostium
458 1467 691 1521 pugnabat.
766 1470 808 1508 et
846 1467 933 1508 iam
971 1481 1024 1508 ne
1062 1466 1188 1521 fugae
1227 1467 1397 1520 quidem
1435 1467 1611 1521 patebat
1648 1468 1787 1509 locus:

230 1539 331 1567 nam
371 1528 413 1566 et
446 1525 655 1567 stationes
693 1526 909 1579 utrimque
942 1525 1161 1566 Romanae
1200 1525 1349 1566 dextra
1386 1525 1591 1580 laevaque
1623 1526 1787 1567 insede-

229 1586 327 1625 rant
359 1584 461 1636 vias,
494 1586 536 1624 et
566 1586 692 1637 porta
724 1585 962 1625 castrorum
995 1583 1114 1624 ducis
1146 1583 1469 1638 principumque
1501 1583 1605 1638 fuga
1643 1584 1788 1625 clausa

229 1644 338 1696 erat,
378 1642 524 1684 addita
567 1642 854 1696 trepidatione
899 1641 1244 1696 elephantorum,
1290 1656 1396 1695 quos
1440 1642 1616 1684 territos
1655 1656 1787 1696 aeque

1045 1790 1224 1826 schildert
1275 1791 1371 1825 noch
1423 1790 1535 1826 casar
1587 1791 1673 1827 bell.
1719 1791 1787 1828 civ.

1048 1842 1079 1882 1,
1106 1841 1150 1872 44
1188 1837 1247 1872 die
1279 1838 1505 1880 Lusitanier;
1545 1837 1616 1872 den
1647 1836 1787 1883 Gegen-

1045 1885 1122 1918 satz
1147 1883 1268 1918 bildet
1293 1884 1358 1919 der
1382 1885 1493 1920 hostis
1517 1885 1694 1920 statarius
1713 1884 1788 1919 und

1046 1931 1105 1965 die
1149 1931 1291 1966 stabilis
1329 1942 1460 1976 pugma
1503 1931 1573 1966 wie
1617 1931 1677 1966 bei
1716 1931 1787 1966 den

1046 1978 1216 2013 Romern.

1087 2035 1218 2069 puyua
1267 2024 1441 2070 eluditur]
1487 2024 1681 2059 Ausdruck
1723 2024 1789 2060 der

231 1791 330 1826 eines
372 1791 550 1826 Verbums
596 1792 688 1826 wird
731 1792 824 1826 ‘nihil
868 1792 972 1826 aliud

229 1850 337 1883 quam
381 1839 441 1873 bei
479 1838 556 1873 Liv.
597 1838 672 1872 und
711 1837 890 1882 Spateren

231 1888 343 1928 „nui-‘⁶
370 1885 586 1930 gebraucht.

279 1936 331 1966 12.
371 1932 546 1977 iuyerere]
557 1931 839 1975 „schleudern“;
852 1932 972 1976 regel-

229 1978 363 2023 massig
383 1980 466 2023 sagt
492 1978 568 2013 Liv.
590 1979 670 2020 tela,
697 1989 801 2021 saxa,
826 1980 971 2023 probra,

228 2036 328 2060 voces
371 2027 417 2059 in
457 2026 649 2069 aliquem
685 2026 861 2070 ingyerere3
905 2037 974 2059 nur

230 2072 366 2107 einmal
405 2071 473 2106 mit
510 2072 593 2106 dem
620 2071 731 2106 Dativ
763 2071 829 2114 41,
860 2075 912 2113 10,
941 2077 971 2107 6.

279 2123 332 2153 13.
372 2118 626 2163 adsuetudine]
647 2119 720 2163 vgl.
737 2129 764 2153 c.
783 2122 836 2160 39,
855 2123 884 2153 7.
907 2119 971 2153 ad—

227 2166 427 2200 suetudine.
490 2164 616 2199 Cicero
660 2165 698 2199 in
737 2165 806 2199 den
844 2165 971 2199 Reden

230 2212 433 2247 vermeidet
458 2212 536 2246 dies
564 2211 687 2253 Wort;
721 2222 759 2246 er
785 2212 851 2246 hat
877 2212 971 2246 auch

231 2260 399 2294 adsuesco
431 2259 594 2294 daselbst
618 2270 687 2292 nur
713 2258 870 2292 einmal
895 2258 970 2293 und

229 2306 438 2349 adsuefacio
465 2305 667 2340 zweimal.

276 2353 487 2387 succedendi
519 2352 654 2397 muros]
688 2363 758 2394 „an
778 2351 972 2396 Ersteigen

230 2409 303 2434 von
331 2399 523 2442 Ma.uern“;
556 2398 607 2433 sie
640 2398 770 2433 hatten
802 2409 839 2432 es
872 2402 972 2433 nam-

230 2446 312 2481 lich'
332 2456 396 2480 vor
415 2445 676 2490 Neucarthago
703 2445 857 2490 gelemt.
908 2445 972 2479 Bei

231 2493 308 2527 Liv.
330 2491 459 2527 heisst:
480 2492 662 2527 succedere
680 2493 776 2527 vallo
798 2510 840 2522 =
858 2493 973 2526 unten

231 2550 277 2574 an
299 2539 369 2573 den
384 2539 485 2573 Wall
499 2539 769 2581 heranrtickem
789 2539 972 2574 succedere

230 2587 382 2621 vallum:
423 2603 466 2615 =
505 2586 575 2620 den
613 2585 715 2621 Wall
753 2597 824 2622 von
861 2587 974 2621 unten

236 2633 502 2668 hinanri‘icken.

283 2684 336 2714 14.
375 2682 661 2715 concursatorem
692 2679 836 2725 hostem]
870 2679 976 2714 attri-

231 2726 378 2760 butiver
412 2726 605 2762 Gebrauch
639 2727 703 2762 des
743 2725 976 2761 Substantivs

234 2789 276 2801 =
316 2773 398 2814 „ein
437 2775 551 2808 stets
590 2774 639 2808 im
673 2773 977 2818 Plankelgefecht

232 2819 476 2863 knmpfender
514 2820 664 2855 Feind“.
723 2820 787 2855 Als
826 2821 976 2854 solchen

1045 2071 1349 2117 Fechterschule3:
1367 2071 1482 2106 durch
1496 2071 1577 2106 eine
1591 2071 1789 2116 Wendung

1046 2118 1321 2162 entschli’ipfen,
1373 2118 1621 2160 ausweichen;
1678 2118 1788 2152 meist

1045 2165 1199 2209 aliquem
1236 2165 1393 2200 eludere:
1438 2164 1497 2208 22,
1522 2170 1574 2207 18,
1597 2169 1616 2199 3
1655 2165 1785 2200 hostem

1044 2232 1089 2236 —
1115 2212 1232 2246 elusit.

1091 2258 1268 2303 iupeyere]
1316 2257 1389 2300 „sie
1429 2257 1683 2292 schleuderten
1722 2257 1787 2292 ihn

1043 2304 1214 2348 zuriick“‚
1241 2305 1384 2338 starker
1404 2304 1608 2340 Ausdruck.
1648 2304 1680 2345 S,
1709 2308 1740 2345 6,
1765 2307 1784 2338 2

1044 2352 1213 2396 inpactus
1250 2352 1320 2386 imo
1352 2352 1405 2386 ita
1437 2355 1485 2386 est
1516 2361 1620 2395 saxo,
1658 2353 1700 2385 ut
1731 2360 1784 2386 so-

1040 2400 1194 2442 γένειαν.

1096 2449 1148 2479 15.
1187 2445 1361 2480 mollioris
1381 2444 1564 2490 ascensus]
1586 2443 1702 2478 mollis
1716 2443 1784 2477 wie

1046 2491 1105 2533 21,
1128 2495 1182 2534 37,
1205 2496 1224 2526 3
1273 2492 1410 2526 mollire
1453 2502 1525 2525 von
1561 2490 1783 2534 Abhangen:

1047 2538 1145 2573 sanft
1170 2538 1342 2580 machen3
1366 2538 1426 2572 bei
1452 2538 1528 2572 Liv.
1554 2548 1622 2570 nur
1646 2536 1736 2570 hier.

1097 2589 1150 2620 17.
1189 2585 1254 2620 hoc
1291 2585 1462 2629 tumultu]
1501 2583 1584 2627 „bei
1620 2583 1695 2617 und
1731 2582 1785 2617 in-

1048 2632 1147 2677 folge
1193 2632 1313 2667 dieser
1357 2630 1631 2673 Verwirrung“;
1676 2628 1786 2665 freier

1050 2678 1244 2714 Gebrauch
1277 2679 1340 2713 des
1365 2676 1595 2721 temporalen
1621 2675 1783 2711 Ablativ.

1049 2726 1109 2770 31,
1124 2729 1180 2767 28,
1197 2729 1216 2760 6
1239 2726 1394 2760 adventu
1413 2723 1660 2759 Romanorum
1679 2723 1784 2766 fidem

1048 2776 1188 2807 mutare
1213 2784 1246 2806 u.
1274 2783 1305 2806 a.

1096 2823 1151 2854 20.
1190 2829 1297 2862 aeque
1334 2818 1452 2863 atque]
1493 2817 1556 2852 das
1588 2827 1654 2851 uns
1689 2815 1783 2850 hass-
