1926 3219
681 104 822 139 LIBER
847 102 993 138 XXVII.
1046 101 1143 136 CAP.
1172 106 1225 137 38.
1673 100 1726 141 67

181 126 206 144 n.
227 118 278 144 Ch.
299 118 359 143 207.

179 211 388 254 Ostiensis
421 209 632 252 Alsiensis
666 211 819 252 Antias
852 212 1080 252 Anxurnas
1112 209 1418 250 Minturnensis
1447 206 1731 249 Sinuessanus

179 273 221 312 et
259 269 312 311 ab
351 283 502 323 supero
549 271 657 311 mari
697 268 908 311 Senensis.

179 328 359 383 populus
399 328 616 382 recitaret,
653 328 830 381 nullius,
868 342 963 369 cum
996 328 1039 367 in
1071 326 1198 368 Italia
1229 326 1367 367 hostis
1401 329 1530 378 esset,
1563 328 1733 378 praeter

178 386 400 427 Antiatem
433 385 757 441 Ostiensemque
789 387 956 428 vacatio
991 386 1218 426 observata
1251 388 1335 435 est,
1368 387 1410 425 et
1443 398 1585 425 earum
1619 383 1730 425 colo-

177 445 346 486 niarum
378 445 567 486 iuniores
599 445 688 486 iure
721 445 897 485 iurando
931 443 1089 495 adacti,
1131 457 1261 495 supra
1300 442 1387 482 dies
1426 441 1607 496 triginta
1645 455 1731 482 non

179 505 504 557 pernoctaturos
538 518 582 544 se
609 517 701 544 esse
728 505 847 543 extra
874 501 1044 542 moenia
1071 500 1263 541 coloniae
1291 514 1403 552 suae,
1436 500 1568 541 donec
1594 499 1730 540 hostis

178 563 223 602 in
255 561 384 602 Italia
415 564 538 603 esset.
601 575 695 601 cum
729 574 874 601 omnes
909 561 1129 600 censerent
1160 558 1299 612 primo
1334 571 1499 611 quoque
1539 561 1730 611 tempore

178 620 423 661 consulibus
456 619 639 660 eundum
672 617 724 658 ad
756 617 916 658 bellum
940 639 987 645 —
1012 630 1112 657 nam
1146 619 1187 656 ct
1214 615 1478 656 Hasdrubali
1512 629 1730 657 occurren-

176 679 277 719 dum
316 691 407 719 esse
445 675 716 718 descendenti
756 675 808 716 ab
842 675 1043 729 Alpibus,
1084 688 1134 714 ne
1168 673 1319 715 Gallos
1352 672 1594 728 Cisalpinos
1625 688 1730 715 neve

175 736 392 777 Etruriam
438 737 621 776 erectam
666 734 709 775 in
755 748 873 788 spem
918 748 1058 774 rerum
1108 746 1317 773 novarum
1369 732 1636 787 sollicitaret,
1687 736 1728 774 et

175 793 464 835 Hannibalem
504 807 579 834 suo
618 793 789 846 proprio
831 791 1123 845 occupandum
1162 791 1293 844 bello,
1333 805 1385 831 ne
1424 804 1638 846 emergere
1680 805 1729 832 ex

173 851 354 893 Bruttiis
388 853 516 905 atque
548 851 717 892 obviam
750 851 810 891 ire
843 850 965 891 fratri
991 852 1137 904 posset
1164 873 1231 903 -,
1262 848 1407 890 Livius
1435 850 1728 903 cunctabatur,

173 923 322 964 parum
363 909 498 950 fidens
541 924 711 950 suarum
749 910 1064 963 provinciarum
1104 908 1376 949 exercitibus:
1416 908 1639 962 conlegam
1680 922 1728 949 ex

174 968 339 1010 duobus
372 968 667 1009 consularibus
701 969 885 1022 egregiis
919 967 1172 1008 exercitibus
1199 970 1240 1008 et
1267 966 1408 1019 tertio,
1441 966 1506 1007 cui
1534 965 1581 1015 Q.
1609 965 1730 1008 Clau-

173 1027 267 1068 dius
300 1026 474 1068 Tarenti
512 1029 747 1081 praeesset,
786 1026 1035 1068 electionem
1074 1025 1250 1078 habere3
1290 1025 1578 1079 intuleratque
1615 1039 1729 1066 men-

173 1085 336 1127 tionem
382 1085 432 1126 de
476 1085 702 1127 volonibus
747 1083 996 1127 revocandis
1042 1083 1094 1125 ad
1138 1084 1271 1138 signa.
1336 1086 1509 1124 senatus
1550 1084 1728 1125 liberam

173 1146 433 1198 potestatem
465 1144 710 1185 consulibus
742 1143 843 1185 fecit
875 1147 917 1184 et
950 1142 1195 1196 supplendi,
1228 1141 1337 1182 unde
1370 1142 1550 1195 vellent,
1583 1145 1625 1183 et
1658 1143 1728 1183 eli-

172 1202 300 1257 gendi
333 1202 382 1243 de
410 1202 607 1244 omnibus
629 1202 895 1255 exercitibus,
927 1216 1033 1256 quos
1060 1201 1221 1242 vellent
1246 1199 1602 1255 permutandique
1629 1201 1727 1254 <et>

175 1275 224 1301 ex
256 1261 501 1314 provinciis,
533 1275 615 1315 quo
648 1275 669 1302 e
701 1275 744 1302 re
771 1261 941 1314 publica
969 1262 1188 1301 censerent
1220 1273 1322 1312 esse,
1354 1258 1614 1300 traducendi.
1682 1274 1729 1300 ea

172 1319 318 1360 omnia
332 1333 428 1360 cum
443 1334 609 1360 summa
622 1319 847 1361 concordia
861 1319 1082 1360 consulum
1098 1320 1203 1359 acta.
1231 1318 1406 1359 volones
1421 1317 1465 1358 in
1479 1317 1729 1359 undevicen-

171 1378 323 1418 simam
351 1380 394 1418 et
412 1377 689 1419 vicensimam
716 1377 906 1431 legiones
930 1377 1089 1431 scripti.
1133 1376 1279 1431 magni
1299 1376 1467 1417 roboris
1490 1376 1650 1417 auxilia
1678 1390 1727 1418 ex

172 1435 383 1490 Hispania
421 1450 588 1490 quoque
620 1451 645 1476 a
676 1435 720 1477 P.
754 1436 951 1490 Scipione
982 1435 1038 1476 M.
1070 1434 1191 1476 Livio
1232 1434 1365 1475 missa
1397 1434 1570 1489 quidam
1604 1435 1656 1476 ad
1688 1435 1729 1476 id

174 1494 330 1535 bellum
363 1497 557 1536 auctores
592 1497 703 1547 sunt,
739 1497 833 1536 octo
867 1494 987 1536 milia
1022 1492 1315 1547 Hispanorum
1352 1493 1657 1548 Gallorumque
1690 1501 1731 1535 et

854 1632 914 1666 bei
1035 1631 1220 1677 emerqere]
1241 1631 1323 1666 hier
1344 1631 1414 1666 mit
1432 1631 1533 1667 einer
1556 1632 1650 1667 auch
1670 1632 1730 1667 bei

217 1636 249 1667 4.
282 1633 476 1678 Alsiensis]
525 1643 596 1667 von
641 1633 802 1674 Alsium,

174 1678 264 1714 Care
289 1679 328 1714 in
352 1679 537 1714 Etrurien.
567 1699 607 1703 ——

216 1726 438 1771 Anxurnas]
452 1737 524 1761 von
532 1726 679 1770 Anxur,
687 1727 811 1771 spater
823 1725 855 1760 T
855 1737 912 1760 ar-

170 1774 300 1807 racina
311 1787 318 1815 ;
331 1778 432 1807 sonst
439 1774 617 1808 Anxurus
626 1773 714 1808 oder
722 1774 912 1807 Anxurus.

217 1823 248 1853 5.
280 1820 485 1855 vacationes
521 1840 561 1844 —
600 1820 781 1864 recitaret]
820 1820 914 1862 „den

169 1865 357 1901 VVortlaut
395 1867 460 1901 der
495 1865 802 1912 Befreiungsakte
834 1878 913 1902 vor-

168 1912 257 1947 1as⁴‘.

216 1959 402 1995 Antiatem
413 1959 689 2006 Ostiensemque]
706 1960 789 1995 weil
801 1962 912 1995 erste-

167 2017 225 2041 res
251 2017 344 2052 ganz
369 2006 532 2050 Latium,
558 2007 728 2042 letzteres
761 2007 912 2051 speziell

167 2053 263 2088 Rom
276 2053 351 2088 und
371 2053 430 2088 die
445 2054 747 2098 Tibermfindung
766 2054 908 2089 deckte.

214 2101 401 2136 observata
445 2101 511 2146 est]
556 2101 709 2144 „warde
752 2101 910 2136 bertick-

167 2146 360 2191 sichtigt“;
390 2147 583 2182 mehrfach
611 2148 680 2183 mit
704 2148 908 2193 Negation:

165 2203 240 2229 non
270 2195 455 2229 observare
486 2195 618 2237 edicta,
650 2196 832 2240 suffrciyia
864 2211 908 2223 =

167 2240 224 2275 fiir
248 2240 352 2275 nicht
376 2241 487 2286 giltig
511 2242 697 2277 erachten.

213 2298 287 2322 non
316 2288 609 2333 pernoctaturos]
650 2288 702 2323 sie
741 2288 908 2324 erhalten

165 2332 235 2368 wie
250 2333 426 2370 Soldaten
438 2347 506 2370 nur
520 2335 627 2370 einen
638 2335 793 2377 Urlaub3
809 2335 908 2370 beim

166 2380 412 2416 Herannahen
433 2382 497 2416 der
516 2382 687 2418 Cimbern
706 2382 799 2417 wird
819 2383 907 2416 ahu-

165 2426 241 2461 lich
277 2427 377 2462 allen
414 2428 697 2474 waffenfahigen
731 2429 908 2464 Mannern

165 2473 355 2516 verboten,
381 2473 515 2509 Italien
539 2488 582 2509 zu
606 2477 802 2511 verlassen.

215 2524 246 2556 6.
273 2521 499 2556 descendenti
533 2522 578 2556 ab
613 2523 786 2568 Alpibus]
828 2522 907 2558 eine

167 2566 381 2613 Verlegung
418 2568 482 2602 der
519 2569 749 2614 Alpenp‘asse
785 2571 908 2604 unter—

165 2613 300 2657 bleibt3
327 2615 549 2650 vermutlich
574 2626 704 2661 wegen
729 2617 793 2651 der
818 2616 907 2650 Hal-

165 2661 258 2704 tung
284 2660 348 2696 der
373 2661 523 2697 Gallier.

216 2711 246 2741 7.
272 2717 336 2742 suo
349 2710 502 2753 proprio
518 2729 559 2733 —
577 2710 681 2756 bello]
698 2709 757 2745 ein
771 2709 829 2743 fiir
842 2709 907 2743 ihn

166 2753 376 2799 personlich
393 2756 468 2790 und
482 2757 577 2791 ohne
592 2755 909 2791 Gemeinsarnkeit

166 2802 235 2836 mit
241 2801 402 2836 anderen
409 2802 641 2839 bestimmter
649 2804 777 2848 Krieg;
789 2803 823 2845 4,
833 2806 865 2845 8,
874 2806 906 2837 4.

166 2859 239 2884 rem
254 2868 297 2873 —
311 2859 375 2883 suo
388 2851 543 2894 proprio
561 2852 778 2896 mayistratu
799 2860 906 2896 eyere.

989 1678 1114 1713 Cicero
1161 1678 1474 1724 gebrauchliehen
1518 1679 1728 1724 Metapher:

986 1725 1308 1768 hervorkriechen,
1328 1725 1397 1760 wie
1418 1736 1484 1760 aus
1504 1726 1621 1760 einem
1641 1725 1728 1760 Ver-

987 1772 1107 1815 steck;
1147 1773 1250 1806 sonst
1286 1773 1346 1807 bei
1378 1771 1454 1807 Liv.
1489 1789 1533 1801 =
1565 1773 1730 1818 Rettnng

986 1819 1120 1862 finden,
1147 1819 1215 1854 wie
1243 1830 1308 1854 aus
1334 1819 1453 1854 einem
1475 1819 1727 1854 Schiffbruch:

987 1877 1031 1901 ea:
1071 1866 1223 1901 saevitia
1257 1866 1444 1909 fortunam
1481 1877 1498 1901 e
1530 1867 1729 1912 naufrayio

986 1913 1115 1957 eulpae
1140 1925 1172 1947 u.
1200 1924 1233 1947 a.

1034 1963 1064 1995 8.
1103 1960 1344 2004 intuleratque
1384 1960 1609 2006 mentionem]
1649 1960 1730 1995 hier

984 2018 1070 2042 vom
1095 2006 1253 2041 Konsul:
1286 2006 1393 2041 einen
1427 2007 1602 2052 Antrag
1634 2007 1728 2042 ein-

984 2053 1190 2098 bringen;
1208 2053 1444 2097 gewohnlich
1463 2055 1594 2088 mentio
1608 2054 1728 2089 inlata

982 2101 1028 2136 ab
1060 2103 1204 2135 senatu:
1238 2111 1323 2135 vom
1363 2100 1476 2135 Senat
1500 2101 1625 2136 wurde
1653 2111 1728 2135 an—

982 2149 1154 2192 geregt.

1029 2195 1071 2229 cle
1107 2193 1310 2239 volonibus]

983 2241 1277 2286 angeworbenen
1319 2244 1410 2275 8000
1451 2241 1628 2283 Sklaven‚
1667 2241 1726 2276 die

980 2287 1040 2331 24,
1063 2291 1199 2322 15-16
1227 2287 1305 2321 sich
1326 2288 1436 2322 unter
1456 2287 1643 2322 Gracchus
1669 2287 1728 2322 die

979 2334 1144 2369 Freiheit
1180 2333 1414 2379 erkampfen,
1453 2334 1550 2370 nach
1587 2334 1726 2370 seinem

980 2381 1081 2416 Tode
1108 2381 1196 2416 aber
1223 2381 1302 2416 sich
1328 2384 1547 2416 zerstreuen.

1367 2205 1404 2228 es
1442 2193 1524 2228 sind
1562 2193 1621 2229 die
1660 2199 1727 2230 216

1028 2432 1059 2463 9.
1087 2439 1130 2463 esc
1142 2428 1364 2474 provinciis]
1391 2428 1450 2462 die
1481 2428 1646 2463 Konsuln
1672 2439 1726 2463 er-

980 2475 1109 2510 halten
1147 2475 1206 2509 fiir
1247 2475 1306 2509 die
1344 2475 1522 2510 Auswahl
1560 2475 1624 2510 des
1661 2475 1727 2509 Er-

982 2524 1097 2557 satzes
1129 2522 1370 2566 (supple-ndi),
1402 2521 1462 2556 die
1488 2522 1723 2556 Zusammen-

982 2568 1144 2613 stellung
1181 2568 1245 2603 der
1278 2568 1542 2613 Truppenteile
1581 2580 1625 2602 zu
1659 2568 1724 2603 Ar-

980 2626 1087 2650 meen
1113 2616 1282 2660 (eliyendi
1307 2635 1350 2641 —-
1372 2615 1622 2659 permutandi)
1650 2615 1726 2650 und

981 2662 1040 2696 die
1086 2661 1299 2706 Verlegung
1348 2661 1412 2696 des
1461 2660 1725 2706 Kriegsschau-

981 2708 1121 2752 platzes
1148 2709 1204 2750 (ex
1215 2708 1420 2752 provinciis
1433 2728 1476 2733 —
1491 2709 1722 2752 traducendi)

981 2754 1061 2789 eine
1089 2756 1192 2788 sonst
1216 2755 1415 2790 unerhorte
1440 2754 1665 2790 Vollmacht.

1030 2805 1083 2835 11.
1109 2801 1257 2845 quidam
1303 2821 1346 2826 —
1390 2801 1567 2847 auctores]
1623 2802 1723 2837 diese

982 2847 1312 2883 Gewahrsmanner
1326 2847 1499 2884 scheinen
1512 2849 1630 2884 damit
1651 2848 1723 2884 den

1387 2909 1437 2941 5²⁵

983 283 1076 310 cum
1121 268 1365 309 vacationes
1411 281 1508 307 suas
1553 267 1730 321 quisque
1758 272 1778 302 ὃ

1759 1266 1802 1297 10

1757 1384 1798 1414 11
