1926 3219
166 116 190 135 n.
211 108 263 135 ch.
284 109 344 134 208.

626 94 769 130 LIBER
796 94 941 130 XXVII.
994 93 1094 129 CAP.
1124 98 1178 130 32.
1206 99 1260 130 33.
1481 128 1487 133 .
1664 95 1719 136 59

166 203 301 257 pisse,
340 204 482 243 tenere
521 205 563 243 et
602 201 943 243 Dassaretiorum
983 201 1190 256 quosdam
1228 202 1362 254 vicos,
1408 205 1451 242 et
1494 201 1718 244 Dardanos

168 260 297 302 etiam
336 260 515 302 concire.

583 261 741 302 omisso
784 260 916 314 igitur
954 259 1141 302 Achaico
1186 263 1313 315 atque
1351 260 1547 302 Aetolico
1591 260 1719 314 bello,
1747 267 1790 299 10

164 319 325 360 relictis
363 321 508 360 tamen
555 319 719 360 duobus
766 319 937 360 milibus
984 322 1026 360 et
1073 319 1320 373 quingentis
1367 319 1505 360 01111113
1551 319 1718 373 generis

165 382 426 418 armatorum
454 391 547 418 cum
575 376 776 431 Menippo
803 381 844 418 et
870 377 1144 431 Polyphanta
1171 377 1347 419 ducibus
1375 377 1426 418 ad
1459 377 1719 431 praesidium

165 435 400 488 sociorum,
441 436 655 490 profectus
696 436 748 476 ab
787 434 937 488 Dymis
977 449 1052 489 per
1090 435 1299 476 Achaiam
1332 434 1638 489 Boeotiamque
1678 439 1719 476 et
1748 442 1788 473 11

163 492 386 535 Euboeam
412 493 598 535 decumis
626 494 776 535 castris
804 493 1120 533 Demetriadem
1147 493 1487 534 inThessaliam
1513 494 1718 547 pervenit.

281 552 346 593 Ibi
385 553 457 593 alii
495 553 697 593 maiorem
739 551 975 591 adferentes
1008 551 1240 591 tumultum
1285 552 1426 592 nuntii
1469 556 1714 592 occurrunt:
1741 554 1790 590 33

165 609 392 652 Dardanos
425 611 468 651 111
495 609 788 651 Macedoniam
823 608 978 649 effusos
1005 607 1243 650 Orestidem
1275 609 1361 650 iam
1395 614 1539 651 tenere
1573 624 1620 650 ac
1653 610 1719 650 de·

164 669 377 710 scendisse
415 669 458 709 in
489 668 772 720 Argestaeum
812 681 1026 720 campum,
1070 666 1312 722 famamque
1357 668 1468 709 inter
1513 668 1718 709 barbaros

162 727 371 769 celebrem
411 740 501 767 esse
538 725 786 779 Philippum
827 726 1024 767 occisum.

1093 725 1363 779 expeditione
1398 741 1464 779 ea,
1506 741 1590 781 qua
1622 741 1717 768 cum
1744 733 1763 764 2

161 784 489 840 populatoribus
523 784 616 839 agri
650 784 702 825 ad
736 782 964 838 Sicyonem
996 784 1218 838 pugnavit,
1251 784 1292 825 in
1327 784 1522 826 arborem
1555 785 1716 826 inlatus

162 844 326 896 impetu
359 843 455 896 equi
488 841 541 883 ad
572 843 830 883 eminentem
862 857 1029 883 ramum
1062 857 1193 884 cornu
1220 843 1399 884 alterum
1427 844 1574 897 galeae
1600 858 1718 898 prae-

161 901 312 956 fregit3
351 899 395 942 id
433 901 655 942 inventum
692 901 745 942 ab
778 901 933 942 Aetolo
968 901 1153 956 quodam
1186 902 1482 956 perlatumque
1514 902 1557 942 in
1591 902 1718 943 Aeto·
1744 909 1764 940 3

163 959 267 1000 liam
300 959 351 1000 ad
384 957 721 1012 Scerdilaedum,
755 960 821 1001 cui
853 962 1002 1000 notum
1035 963 1126 1001 erat
1159 960 1328 1015 insigne
1361 960 1526 1014 galeae,
1557 960 1719 1002 famam

162 1018 377 1059 interfecti
415 1018 530 1072 regis
568 1018 773 1073 vulgavit.

834 1021 934 1072 post
971 1018 1283 1071 profectionem
1322 1032 1373 1059 ex
1404 1018 1570 1060 Achaia
1603 1020 1717 1074 regis
1744 1027 1766 1058 4

163 1075 374 1130 Sulpicius
402 1076 616 1132 Aeginam
649 1077 784 1118 classe
816 1076 1030 1130 profectus
1064 1091 1159 1118 cum
1186 1077 1335 1118 Attalo
1370 1091 1461 1118 sese
1487 1078 1718 1119 coniunxit.

159 1134 323 1177 Achaei
337 1149 432 1176 cum
449 1135 618 1176 Aetolis
632 1135 833 1190 Eleisque
852 1134 967 1176 haud
980 1136 1127 1188 procul
1140 1135 1334 1176 Messene
1348 1150 1597 1189 prosperam
1612 1149 1716 1191 pug-
1744 1144 1763 1175 5

160 1208 262 1235 nam
282 1194 488 1235 fecerunt.
539 1193 714 1234 Attalus
742 1207 815 1234 rex
842 1196 884 1235 et
902 1193 946 1235 P.
969 1192 1180 1248 Sulpicius
1201 1193 1394 1249 Aeginae
1420 1194 1717 1236 hibernarunt.

278 1252 409 1294 Exitu
434 1252 561 1293 huius
590 1252 690 1293 anni
719 1252 763 1293 T.
785 1250 1006 1300 Quinctius
1034 1253 1183 1294 consul
1211 1253 1418 1294 dictatore
1445 1253 1717 1295 comitiorum
1744 1262 1763 1293 6

161 1310 442 1365 ludorumque
486 1310 779 1352 faciendorum
818 1325 947 1352 causa
986 1311 1098 1352 dicto
1136 1310 1182 1353 T.
1214 1311 1376 1353 Manlio
1410 1311 1628 1366 Torquato
1668 1326 1718 1353 ex

164 1369 337 1411 volnere
368 1369 566 1421 moritur3
600 1369 672 1409 alii
704 1368 900 1422 Tarenti,
933 1370 1006 1410 alii
1039 1370 1083 1410 in
1116 1368 1353 1423 Campania
1383 1373 1599 1411 mortuum
1630 1373 1718 1411 tra-

160 1427 278 1469 dunt

340 1427 413 1480 ita,
445 1427 557 1482 quod
588 1427 706 1468 nullo
740 1430 838 1468 ante
870 1427 984 1469 bello
1019 1428 1248 1482 acciderat,
1281 1428 1363 1470 duo
1397 1429 1591 1470 consules
1625 1429 1716 1470 sine
1744 1438 1762 1468 7

158 1485 434 1527 memorando
466 1486 631 1539 proelio
664 1485 878 1527 interfecti
910 1486 1026 1527 velut
1058 1487 1207 1528 orbam
1239 1500 1329 1528 rem
1361 1487 1577 1541 publicam
1617 1487 1716 1528 reli-

163 1546 354 1598 querant.
405 1544 588 1586 dictator
619 1543 804 1585 Manlius
838 1545 1096 1599 magistrum
1122 1545 1312 1599 equitum
1340 1544 1384 1587 C.
1407 1545 1633 1587 Servilium
1659 1570 1717 1575 —

159 1604 251 1643 tum
291 1602 439 1644 aedilis
479 1603 635 1644 curulis
675 1606 765 1644 erat
804 1627 859 1633 —-
899 1603 1018 1644 dixit.

157 1665 223 1702 est
272 1661 463 1714 habitus,
512 1661 635 1702 ludos
685 1675 865 1716 magnos
914 1661 1053 1703 facere
1104 1662 1358 1703 dictatorem
1406 1662 1551 1716 iussit,

1087 1608 1259 1645 senatus
1299 1618 1381 1658 quo
1421 1604 1488 1645 die
1529 1606 1716 1659 primum
1742 1614 1763 1645 8

1609 1677 1715 1718 quos

156 1719 212 1761 M.
257 1719 467 1761 Aemilius
506 1723 678 1774 praetor
721 1720 910 1761 urbanus
951 1718 994 1762 C.
1034 1719 1246 1762 Flaminio
1288 1720 1362 1762 Cn.
1401 1719 1580 1763 Servilio
1619 1736 1715 1763 con-

207 1861 260 1893 11.
296 1858 441 1893 decimis
490 1858 633 1903 castris]
688 1858 784 1892 nach
836 1858 900 1893 der

159 1903 271 1946 Sitte,
308 1904 418 1949 jeden
448 1904 580 1940 Abend
613 1905 671 1939 ein
703 1906 824 1950 Lager
857 1917 899 1939 zu

159 1951 353 1996 schlagen‚
395 1952 542 1986 werden
574 1951 633 1986 die
666 1952 898 1997 Marschtage

156 1997 217 2032 bei
237 1998 307 2032 den
321 1998 482 2033 Romern
500 1998 710 2040 berechnet,
730 2010 806 2034 was
819 1999 898 2034 Liv.

157 2045 251 2080 auch
283 2044 348 2079 auf
377 2045 511 2080 andere
543 2045 661 2080 Heere
695 2046 898 2091 {ibertragh

203 2101 238 2127 0.
277 2091 345 2134 33,
379 2097 411 2126 1.
463 2093 599 2135 famam
637 2113 680 2118 -—
718 2093 896 2139 celebrem]

156 2138 245 2181 „das
261 2137 425 2174 Gerficht
444 2139 497 2174 sei
510 2139 749 2182 verbreitet“;
769 2141 899 2175 celeber

157 2201 201 2214 =
232 2185 308 2221 viel
337 2186 585 2231 bespmchen,
623 2186 697 2230 vgl.
733 2198 762 2221 c.
793 2191 848 2228 40,
877 2191 896 2221 6

156 2233 227 2267 duo
252 2233 469 2268 celeberrimi
492 2234 650 2268 nominis
675 2234 791 2268 duces.

206 2282 238 2314 2.
277 2281 318 2314 in
331 2281 493 2315 arborem
506 2280 660 2325 inlatus]
683 2280 896 2325 „geschleu-

157 2323 240 2359 dert
271 2330 431 2371 gegen“;
463 2326 532 2362 wie
564 2327 598 2370 4,
620 2331 676 2370 39,
699 2333 727 2362 1.
760 2328 895 2372 impetu

155 2371 282 2406 inlati:
310 2373 379 2407 mit
402 2373 639 2419 fortgerissen
664 2387 699 2409 u.
726 2385 757 2408 a.

205 2429 318 2453 cornu
344 2420 496 2454 alterum
519 2421 656 2466 yaleae]
689 2421 748 2455 0111
773 2421 895 2466 eigen-

156 2465 356 2500 tsimlicher
374 2465 662 2503 Helmschmuck
687 2468 752 2502 der
771 2468 896 2503 make·

158 2511 361 2547 donischen
404 2512 549 2558 Konige
592 2514 668 2548 und
710 2515 776 2549 der
812 2515 896 2549 Mit-

157 2558 300 2602 glieder
324 2559 423 2594 111103
447 2559 602 2595 Hauses.

205 2609 238 2639 4.
271 2609 356 2650 post
389 2607 645 2651 profectionem
682 2618 726 2642 ex
753 2607 895 2643 Achaia

158 2652 268 2696 reyis]
300 2652 462 2688 dieselbe
489 2653 673 2698 Stellung:
706 2653 766 2696 32,
787 2658 844 2696 25,
865 2659 894 2689 1.

158 2699 316 2733 adventu
339 2700 381 2734 in
399 2701 579 2736 Achaiam
601 2701 776 2736 Philoclis
794 2713 829 2735 11.
844 2705 895 2742 ὃ.;

161 2744 226 2779 das
264 2745 612 2782 Verbalsubstantiv
661 2748 897 2783 verschmilzt

157 2790 228 2825 mit
247 2791 313 2826 der
333 2792 670 2839 Ortsbestimmung
690 2806 731 2829 zu
752 2795 896 2830 einem

157 2837 308 2884 Begriff.

1020 1868 1055 1894 c.
1077 1859 1137 1902 33,
1159 1864 1195 1896 6.
1217 1880 1259 1884 -
1281 1869 1314 1894 0.
1337 1860 1398 1895 35.
1449 1859 1646 1895 Wahlen
1672 1859 1716 1895 in

972 1905 1089 1941 Rom.

1020 1968 1051 1999 6.
1091 1975 1134 1999 ex
1177 1966 1322 1999 vulnere
1357 1964 1528 2010 moritur]
1572 1976 1615 2000 ex
1652 1965 1715 2000 be-

972 2011 1141 2046 zeichnet
1191 2012 1275 2056 (wie
1331 2012 1390 2046 bei
1440 2012 1606 2046 laborare
1655 2012 1714 2047 (110

972 2058 1135 2093 Ursache
1167 2059 1232 2093 der
1262 2058 1483 2102 Krankheit)
1527 2059 1586 2094 die
1624 2059 1714 2093 Ver-

972 2105 1174 2150 anlassung
1200 2106 1263 2140 des
1290 2105 1422 2140 Todes.

1019 2168 1050 2199 7.
1089 2165 1160 2206 ita,
1198 2164 1307 2210 quod]
1346 2164 1406 2199 die
1439 2163 1609 2210 Stellung
1647 2164 1711 2199 des

968 2210 1239 2246 Relativsatzes
1265 2211 1334 2245 wie
1355 2211 1414 2253 24,
1435 2215 1467 2253 6,
1490 2215 1507 2244 1
1529 2212 1594 2253 ita,
1617 2212 1712 2256 quod

967 2269 1081 2292 unum
1100 2259 1285 2293 vinculum
1306 2269 1385 2293 cum
1404 2257 1582 2293 Romanis
1603 2259 1711 2294 socie-

967 2306 1055 2339 tatis
1079 2308 1166 2340 erat.

1013 2357 1259 2403 memorando]
1272 2374 1314 2386 =
1323 2358 1561 2400 memorabili3
1582 2356 1710 2392 beides

967 2404 1091 2448 gleich
1105 2403 1231 2449 hautig
1244 2404 1305 2439 bei
1318 2403 1396 2438 Liv.
1411 2404 1471 2446 23,
1482 2409 1568 2447 44,4
1582 2415 1710 2440 memo—

967 2451 1097 2486 rabilis
1122 2452 1217 2486 inter
1235 2462 1390 2496 paucas.

1015 2507 1090 2538 tum
1113 2504 1243 2539 aedilis
1262 2504 1356 2550 erat]
1377 2515 1484 2539 wenn
1503 2504 1562 2539 die
1575 2504 1710 2539 Paren-

968 2550 1074 2585 these
1094 2550 1199 2585 nicht
1218 2551 1288 2585 mit
1306 2552 1412 2594 enim,
1439 2554 1569 2593 autem,
1588 2554 1621 2586 et
1635 2551 1710 2585 ein·

969 2597 1120 2640 geffihrt
1144 2598 1254 2639 wird,
1282 2608 1321 2632 so
1347 2598 1432 2632 tritt
1456 2597 1516 2633 ein
1541 2597 1711 2632 betont-es

970 2643 1079 2678 Wort
1116 2653 1164 2678 an
1200 2644 1280 2679 ihre
1318 2643 1460 2688 Spitze:
1504 2644 1563 2685 33,
1592 2648 1649 2688 48,
1676 2648 1707 2679 5.

969 2693 1045 2724 tum
1070 2691 1188 2725 media
1215 2693 1331 2725 aestas
1355 2691 1448 2733 forte
1473 2695 1561 2726 erat.

1017 2751 1048 2782 8.
1087 2748 1191 2783 ludos
1226 2749 1390 2794 magnos]
1431 2760 1460 2784 c.
1489 2753 1520 2791 6,
1550 2753 1591 2784 19
1630 2750 1711 2785 ludi

968 2793 1130 2829 Romani
1168 2797 1343 2840 genannt.

969 2845 1113 2877 voverat
1138 2843 1211 2887 vgl.
1239 2853 1268 2878 c.
1292 2847 1345 2885 11,
1368 2847 1398 2878 6.

1406 2796 1457 2830 Zu
1493 2797 1628 2839 fecerat
1664 2817 1709 2823 —
