1926 3219
143 147 168 166 a.
190 139 242 164 Ch.
262 139 321 164 207.
641 124 781 158 LIBER
807 123 951 158 XXVII.
1004 122 1104 157 CAP.
1133 127 1187 158 50.
1633 120 1688 162 85

140 235 289 274 neuter
331 231 461 273 animi
506 231 676 272 habitus
715 232 818 272 satis
856 231 938 272 dici
977 231 1248 284 enarrarique
1286 231 1445 282 potest,
1490 242 1568 269 nec
1606 242 1688 283 quo

142 292 302 332 incerta
333 290 628 343 expectatione
661 294 834 330 eventus
867 289 1017 331 civitas
1048 289 1206 342 fuerat,
1245 303 1321 329 nec
1360 302 1442 342 quo
1482 287 1686 328 victoriae

142 349 302 390 famam
335 349 507 401 accepit.
569 362 798 401 numquam
832 362 906 401 per
938 348 1074 388 omnis
1113 347 1219 399 dies,
1259 361 1307 387 ex
1346 361 1428 400 quo
1464 345 1687 387 Claudium
1714 348 1734 378 4

142 406 359 448 consulem
392 407 628 460 profectum
661 406 774 446 fama
806 406 969 458 attulit,
1009 406 1062 446 ab
1096 409 1190 446 orto
1223 406 1310 445 sole
1344 404 1394 444 ad
1431 404 1689 446 occidentem

142 468 216 506 aut
247 468 420 506 senator
451 465 674 518 quisquam
702 479 726 505 a
751 465 869 505 curia
895 467 1022 516 atque
1050 464 1103 503 ab
1130 462 1455 516 magistratibus
1483 462 1692 503 abscessit

142 526 217 564 aut
253 524 435 576 populus
475 538 495 563 e
534 523 645 575 foro3
685 526 919 574 matronae,
957 521 1056 574 quia
1093 521 1197 560 nihil
1237 521 1280 560 in
1321 520 1426 572 ipsis
1460 520 1550 573 opis
1584 523 1689 573 erat,
1716 523 1735 553 5

140 581 185 622 in
222 596 366 635 preces
405 582 797 632 obtestationesque
837 593 1001 632 versae,
1042 592 1115 631 per
1153 578 1297 619 omnia
1335 577 1511 618 delubra
1552 592 1688 633 vagae

142 640 360 694 suppliciis
392 640 586 692 votisque
617 638 801 691 fatigare
833 636 946 678 deos.
1007 639 1096 677 tam
1130 636 1338 677 sollicitae
1372 650 1420 677 ac
1461 650 1689 689 suspensae
1717 640 1736 670 6

141 699 305 740 civitati
336 698 450 738 fama
481 697 643 737 incerta
672 696 812 748 primo
844 695 994 736 accidit
1024 694 1129 735 duos
1155 693 1419 735 Narnienses
1452 694 1617 748 equites
1644 695 1690 734 in

142 759 297 809 castra,
336 768 442 809 quae
479 755 523 794 in
559 754 754 794 faucibus
796 753 998 794 Umbriae
1037 753 1236 807 opposita
1274 756 1411 805 erant,
1445 753 1608 793 venisse
1640 766 1689 793 ex

142 815 319 867 proelio,
344 813 581 853 nuntiantis
609 826 752 853 caesos
779 812 929 853 hostis.
980 815 1022 852 et
1046 813 1185 865 primo
1206 811 1342 864 magis
1371 812 1542 852 auribus
1564 826 1690 864 quam
1719 816 1736 845 7

142 872 297 913 animis
336 871 379 912 id
418 874 638 924 acceptum
686 873 793 920 erat,
840 873 888 911 ut
930 870 1067 911 maius
1112 870 1366 924 laetiusque,
1409 884 1535 923 quam
1581 869 1692 923 quod

140 933 281 971 mente
313 943 463 983 capere
497 932 570 970 aut
603 930 708 969 satis
742 928 908 970 credere
940 932 1126 982 possent,
1160 929 1319 981 etipsa
1346 928 1540 969 celeritas
1566 928 1691 968 fidem

139 988 418 1042 impediebat,
469 988 580 1040 quod
626 988 752 1028 biduo
795 990 891 1028 ante
935 989 1173 1041 pugnatum
1219 987 1450 1027 dicebatur.
1523 987 1690 1027 litterae
1718 990 1738 1021 8

139 1046 288 1087 deinde
322 1046 374 1087 ab
407 1046 452 1086 L.
483 1046 643 1087 Manlio
677 1046 857 1087 Acidino
890 1047 1045 1086 missae
1079 1059 1128 1085 ex
1161 1045 1311 1086 castris
1352 1045 1602 1086 adferuntur
1642 1044 1691 1084 (le

138 1104 444 1146 Narniensium
487 1104 677 1158 equitum
720 1104 914 1145 adventu.
988 1104 1068 1144 hae
1112 1104 1278 1144 litterae
1323 1117 1398 1157 per
1447 1104 1585 1144 forum
1637 1102 1691 1143 ad
1716 1108 1736 1138 9

137 1163 328 1204 tribunal
368 1164 577 1216 praetoris
621 1163 735 1203 latae
780 1164 975 1203 senatum
1021 1162 1138 1203 curia
1183 1162 1444 1215 exciverunt3
1487 1164 1692 1215 tantoque

139 1222 373 1262 certamine
412 1235 458 1261 ac
495 1222 683 1262 tumultu
721 1221 868 1275 populi
910 1220 961 1261 ad
1000 1220 1113 1261 fores
1154 1221 1294 1262 curiae
1334 1234 1585 1261 concursum
1618 1223 1693 1271 est,

138 1282 187 1320 ut
213 1279 329 1320 adire
361 1279 535 1320 nuntius
567 1294 655 1320 non
686 1283 843 1333 posset,
877 1279 950 1319 sed
981 1279 1224 1320 traheretur
1258 1294 1282 1320 a
1313 1278 1692 1332 percunctantibus

140 1338 576 1391 vociferantibusque,
615 1340 662 1377 ut
701 1338 747 1378 in
779 1337 928 1378 rostris
961 1338 1078 1391 prius
1111 1352 1236 1391 quam
1269 1337 1313 1377 in
1346 1339 1495 1378 senatu
1527 1337 1694 1377 litterae

139 1397 433 1437 recitarentur.
505 1395 677 1436 tandem
729 1396 930 1436 summoti
982 1398 1023 1436 et
1072 1396 1244 1437 coerciti
1287 1410 1311 1436 a
1354 1396 1691 1449 magistratibus,
1721 1400 1762 1431 10

138 1453 456 1508 dispensarique
487 1453 655 1494 laetitia
686 1454 796 1494 inter
827 1454 1061 1507 inpotentis
1103 1455 1192 1494 eius
1231 1454 1396 1494 animos
1435 1455 1587 1507 potuit.
1648 1454 1693 1494 in
1721 1459 1762 1489 11

141 1515 290 1553 senatu
322 1511 526 1565 primum,
566 1511 714 1552 deinde
746 1512 790 1552 in
825 1512 1024 1553 contione
1055 1512 1225 1553 litterae
1257 1512 1460 1553 recitatae
1501 1515 1616 1567 sunt,
1655 1514 1697 1553 et

139 1649 296 1684 Provinz
310 1662 353 1683 zu
370 1649 496 1695 horest,
511 1650 667 1684 sondern
688 1650 746 1684 die
758 1650 881 1692 Roms,

137 1696 254 1730 daher
283 1697 433 1731 rascher
458 1696 659 1740 Ubergang
689 1709 733 1730 zu
762 1697 882 1731 dieser

137 1742 176 1777 in
201 1743 309 1777 Form
341 1743 441 1777 einer
472 1745 676 1786 occupatio:
715 1754 787 1778 von
819 1744 883 1778 der

139 1789 350 1833 Stimmung
375 1790 411 1823 in
432 1790 530 1824 Rom
550 1790 599 1823 ist
619 1789 684 1824 das
708 1802 750 1824 zu
770 1801 883 1835 sagen

138 1836 243 1870 nicht
261 1836 378 1880 notig,
392 1837 414 1870 d
424 1847 505 1870 enn
520 1836 571 1870 sie
586 1836 672 1870 lasst
688 1837 764 1871 sich
778 1837 884 1871 nicht

137 1882 388 1917 beschreiben.

184 1939 249 1963 uec
273 1940 342 1973 quo
369 1950 410 1954 ——
437 1930 559 1972 fuerat
585 1950 627 1954 -
653 1941 716 1964 uec
740 1940 809 1974 quo
834 1949 879 1955 ——

138 1976 290 2021 accepit]
317 1976 382 2010 das
403 1975 665 2011 Gewohnliche
691 1972 789 2011 w'are'
814 1976 878 2011 das

138 2021 402 2057 Hineinziehen
423 2023 484 2057 des
500 2023 735 2058 Substantivs
754 2025 793 2057 in
807 2023 879 2058 den

137 2069 374 2112 Relativsam,
395 2070 460 2103 der
479 2069 587 2104 dabei
607 2070 666 2104 die
685 2071 794 2105 Form
816 2070 880 2104 der

136 2115 347 2150 indirekten
367 2117 484 2161 Fra-ge
507 2128 549 2150 zu
570 2117 737 2151 erhalten
756 2117 878 2152 hatte:

136 2173 200 2196 uec
219 2173 287 2206 quo
307 2163 433 2197 habitu
456 2164 584 2198 civitas
603 2164 714 2205 fuerit
733 2176 767 2198 u.
787 2175 812 2198 s.
834 2176 877 2199 w,

183 2210 323 2244 incerta
356 2210 616 2255 eoepectatioue]
655 2212 795 2245 incerta
831 2210 882 2245 ist

140 2255 357 2290 Nominativ
382 2257 457 2290 und
482 2257 553 2290 mit
577 2259 704 2291 civitas
733 2270 775 2291 zu
801 2268 880 2291 ver-

138 2301 291 2345 binden,
328 2302 397 2337 wie
430 2306 532 2338 sonst
567 2308 683 2338 erecta
721 2308 880 2348 expecta-

139 2349 234 2382 tione
264 2350 409 2392 civitas,
434 2361 608 2394 suspensa
639 2352 881 2395 eaepectatione

138 2406 173 2430 n.
201 2406 232 2430 a.

187 2446 218 2476 4,
246 2445 312 2475 aut
336 2446 478 2477 senator
503 2444 707 2489 quisquam]
745 2444 880 2479 ebenso

139 2487 199 2521 bei
226 2488 308 2523 dem
334 2489 560 2524 Aumarsche
587 2491 791 2525 Hannibals
818 2491 877 2530 26,

138 2538 176 2577 9,
203 2538 235 2569 9.
279 2536 337 2569 An
365 2535 520 2570 anderer
551 2537 666 2571 Stelle
697 2537 765 2580 36,
793 2542 830 2579 3,
859 2542 879 2571 3

138 2581 231 2615 wird
261 2582 451 2617 befohlen:
486 2593 530 2617 ne
561 2584 642 2627 quis
668 2604 710 2608 —
739 2585 881 2628 lonqius

139 2627 184 2661 ab
214 2629 303 2663 urbe
327 2628 446 2664 Roma
472 2630 604 2672 abiret,
642 2641 749 2673 quam
787 2631 881 2664 unde

139 2683 182 2708 eo
202 2674 271 2709 die
283 2677 400 2711 redire
409 2680 527 2720 posset
540 2687 624 2710 neve
643 2687 716 2711 uuo
729 2680 882 2720 tempore

139 2722 330 2764 quinque
359 2726 538 2758 senatores
569 2723 614 2757 ab
647 2724 733 2757 urbe
764 2723 882 2757 Roma

138 2767 306 2802 abessent.

187 2817 218 2849 5.
246 2815 340 2849 nihil
363 2816 405 2849 iu
428 2817 519 2859 ipsis
543 2818 622 2860 opis
647 2816 739 2861 erat]
773 2816 881 2859 „weil

139 2861 191 2896 sie
233 2860 340 2896 keine
377 2861 476 2897 Hilfe
514 2863 645 2898 leisten
682 2864 880 2898 konnten“.

955 1649 1015 1693 22,
1037 1653 1092 1692 32,
1115 1654 1132 1683 7
1160 1651 1193 1684 si
1217 1661 1323 1694 qzcam
1344 1661 1443 1694 opem
1468 1651 1509 1684 iu
1529 1660 1600 1684 sese
1626 1661 1695 1684 cre-

957 1698 1088 1732 darent.

1001 1744 1192 1787 suppliciis
1218 1763 1259 1768 ——
1286 1744 1460 1788 fatz‘yare]
1506 1744 1698 1787 suppliciis

954 1790 1207 1824 alterti'imlich
1250 1790 1309 1824 fiir
1350 1791 1695 1834 supplicationibus3

953 1849 1022 1871 nur
1048 1837 1142 1871 noch
1169 1836 1228 1878 22,
1251 1841 1306 1880 57,
1327 1840 1346 1871 ὃ
1368 1837 1539 1881 precibus
1557 1838 1696 1881 suppli-

955 1885 1098 1928 ciisque.
1126 1904 1167 1908 —
1194 1884 1360 1928 s'atiyare.
1401 1884 1473 1927 vgl.
1501 1894 1529 1918 c.
1557 1887 1613 1925 45,
1642 1887 1695 1918 10.

1000 1934 1030 1964 7.
1068 1931 1184 1975 oriayis
1216 1931 1368 1964 auribus
1400 1942 1508 1974 quam
1544 1930 1693 1975 animis]

953 1977 1081 2018 „mehr
1112 1977 1263 2021 gehort,
1296 1977 1351 2011 als
1389 1977 1601 2022 geglaubt‘fi
1635 1976 1695 2020 22,

952 2027 1013 2065 39,
1047 2027 1078 2058 2.
1120 2024 1228 2058 verba
1273 2024 1424 2058 auribus
1466 2044 1509 2048 -—-
1542 2025 1696 2059 consilia

951 2071 1084 2104 animis
1109 2071 1326 2114 acciperetis.

1000 2121 1030 2152 9.
1055 2117 1247 2161 persarum
1261 2118 1310 2151 ad
1323 2117 1504 2163 tribuual]
1526 2117 1590 2152 der
1603 2118 1696 2152 Bote

951 2164 1171 2208 fiberbringt
1202 2164 1285 2198 dem
1320 2164 1385 2198 auf
1409 2164 1492 2197 dem
1519 2164 1696 2199 Tribunal

954 2211 1141 2245 sitzenden
1155 2211 1286 2245 Pr'ator
1305 2211 1376 2245 den
1390 2210 1504 2252 Brief3
1526 2211 1590 2245 der
1609 2211 1696 2245 Pra-

952 2259 1011 2291 tor
1037 2257 1167 2292 erhebt
1193 2257 1280 2299 sich,
1306 2269 1368 2291 um
1401 2269 1464 2291 zur
1490 2258 1696 2302 Verlesung

953 2304 1146 2339 desselben
1176 2305 1226 2338 im
1254 2303 1389 2339 Senate
1421 2316 1464 2338 zu
1490 2305 1695 2347 schreiteu;

953 2351 1041 2385 aber
1093 2351 1158 2385 der
1207 2350 1320 2385 Senat
1375 2351 1442 2385 eilt
1503 2351 1581 2385 ihm
1631 2362 1697 2385 aus

953 2398 1017 2432 der
1048 2398 1161 2432 Kurie
1193 2400 1376 2441 entgegen
1411 2399 1532 2440 (curia
1563 2400 1696 2433 excive-

952 2448 1065 2488 runt),
1093 2444 1158 2478 das
1178 2444 1277 2479 Volk
1302 2445 1438 2489 drangt
1463 2445 1545 2480 dem
1567 2445 1698 2479 Pr‘ator

950 2490 1056 2525 nach.

1000 2539 1192 2572 certamine
1206 2549 1248 2572 ac
1261 2538 1434 2583 tumultu]
1460 2538 1530 2572 mit
1548 2538 1695 2572 wildem

952 2584 1158 2620 Wetteiser.

1004 2635 1057 2665 10.
1083 2632 1250 2665 summoti
1269 2642 1311 2665 ac
1331 2631 1491 2676 coerciti]
1513 2641 1550 2665 es
1570 2630 1696 2665 wurde

955 2676 1071 2710 durch
1098 2677 1157 2711 die
1183 2677 1359 2711 Liktoren
1384 2676 1489 2711 Platz
1515 2677 1697 2721 geschafft

955 2724 1165 2765 (summoti),
1199 2723 1257 2757 die
1289 2723 1443 2757 alsdann
1475 2724 1569 2758 noch
1602 2724 1695 2758 Vor-

954 2769 1193 2814 dr'angenden
1225 2770 1376 2804 wurden
1408 2770 1445 2804 in
1480 2770 1600 2805 Strafe
1633 2781 1694 2815 ge-

953 2827 1125 2851 nommen
1151 2818 1334 2861 (coerciti).

1001 2864 1273 2909 dispensarique
1299 2864 1438 2898 laetitia
1452 2863 1591 2909 potuit]
1619 2863 1695 2908 vgl.
