1926 3219
146 103 173 122 ι.
194 93 325 120 (311208.
646 80 789 115 LIBER
814 79 961 115 XXVII.
1013 79 1114 114 CAP.
1143 82 1197 114 30.
1643 76 1699 118 55

146 202 219 231 rex
245 187 550 228 Athamanum.
617 188 806 229 omnium
840 190 981 229 autem
1015 201 1099 228 non
1131 188 1253 228 tanta
1285 199 1361 239 pro
1396 185 1565 226 Aetolis
1598 197 1698 225 cura
1727 191 1746 221 5

147 249 250 299 erat,
294 246 490 288 ferociori
534 260 662 300 quam
706 261 781 300 pro
827 246 1008 301 ingeniis
1062 244 1323 286 Graecorum
1376 246 1521 297 gente,
1577 256 1704 297 quam

146 307 305 360 quanta
342 318 394 345 ne
433 303 655 359 Philippus
694 318 955 360 regnumque
994 304 1083 345 eius
1123 317 1252 358 grave
1295 302 1467 344 liberati
1512 301 1700 342 futurum

146 364 271 405 rebus
310 361 512 404 Graeciae
552 364 876 405 immisceretur
939 362 989 404 de
1028 376 1130 416 pace
1170 362 1303 403 dilata
1342 360 1602 402 consultatio
1635 362 1700 401 est
1727 366 1746 397 6

144 422 190 463 111
221 421 445 463 0011011111111
480 422 766 475 Achaeorum,
798 421 1062 474 concilioque
1095 420 1132 461 ei
1166 423 1207 460 et
1239 421 1356 461 locus
1393 422 1435 460 et
1467 418 1555 460 dies
1587 419 1702 459 certa

145 480 319 533 indicta3
356 481 525 521 interim
559 481 735 535 triginta
756 455 925 520 ’dierum
952 478 1140 519 indutiae
1167 478 1433 531 impetratae.
1483 475 1699 531 profectus
1730 483 1748 513 7

146 539 243 580 inde
276 553 348 580 rex
381 553 457 592 per
488 539 755 580 Thessaliam
787 536 1092 590 Boeotiamque
1125 534 1371 576 Chalcidem
1398 535 1601 576 Euboeae
1633 549 1701 576 ve-

143 598 228 649 1111,
266 600 313 638 111
352 597 566 648 Attalum,
611 609 735 650 quem
774 594 909 636 classe
948 593 1170 635 Euboeam
1216 594 1450 647 petiturum
1496 592 1703 645 audierat,

143 656 340 710 portibus
379 658 421 696 et
459 656 636 695 litorum
676 653 858 707 adpulsu
900 656 1074 694 arceret.
1148 652 1245 693 inde
1290 652 1504 706 praesidio
1550 651 1698 692 1011010
1729 657 1748 688 8

145 714 344 755 adversus
378 713 589 765 Attalum,
628 712 663 752 si
701 711 812 753 forte
851 711 1024 752 interim
1063 711 1322 763 traiecisset,
1360 710 1576 764 profectus
1608 710 1700 764 ipse

144 786 238 814 cum
270 771 416 826 paucis
449 771 639 824 equitum
670 770 858 825 levisque
892 772 1134 811 armaturae
1167 769 1309 824 Argos
1343 770 1468 810 venit.
1540 768 1602 810 ibi
1634 782 1700 810 cu·
1727 774 1747 806 9

143 831 308 871 ratione
354 828 620 870 Heraeorum
669 827 1011 883 Nemeorumque
1057 828 1272 883 suffragiis
1317 828 1465 882 populi
1510 828 1563 868 ad
1607 841 1703 868 eum

144 888 306 939 delata,
346 888 446 941 quia
479 901 523 928 se
555 887 836 929 Macedonum
868 900 990 942 reges
1024 900 1074 927 ex
1107 902 1155 929 ea
1188 887 1361 928 civitate
1400 885 1603 928 oriundos
1643 885 1703 926 fe-

140 948 259 1000 runt,
296 945 476 987 Heraeis
516 947 698 1000 peractis
739 947 791 988 ab
823 947 916 1000 ipso
951 945 1112 987 ludicro
1146 945 1359 999 extemplo
1396 945 1577 999 Aegium
1609 957 1703 998 pro-

142 1005 280 1046 fectus
314 1008 379 1046 est
411 1004 463 1046 ad
496 1005 705 1046 indictum
738 1004 872 1046 multo
907 1007 1008 1045 ante
1042 1004 1255 1046 sociorum
1288 1003 1528 1046 concilium.

260 1062 326 1104 Ibi
365 1062 414 1104 de
454 1063 648 1105 Aetolico
686 1063 872 1105 finiendo
911 1063 1025 1104 bello
1065 1065 1226 1117 actum,
1263 1077 1317 1104 ne
1350 1077 1478 1104 causa
1510 1064 1584 1103 aut
1616 1061 1698 1102 Ro·
1732 1067 1774 1098 10

142 1122 279 1163 manis
313 1124 386 1162 aut
418 1121 568 1163 Attalo
601 1122 790 1163 intrandi
818 1121 1042 1164 Graeciam
1075 1125 1199 1164 esset.
1250 1121 1323 1163 sed
1357 1135 1406 1162 ea
1438 1120 1581 1162 omnia
1613 1119 1699 1161 vix·
1730 1126 1773 1156 11

141 1180 243 1221 (111111
283 1180 549 1222 indutiarum
587 1183 778 1235 tempore
818 1181 1074 1222 circumacto
1114 1180 1261 1221 Aetoli
1298 1180 1544 1232 turbavere,
1585 1181 1700 1232 post-

143 1253 271 1293 quam
298 1241 341 1280 et
367 1238 564 1280 Attalum
591 1240 801 1294 Aeginam
833 1239 998 1281 venisse
1032 1242 1074 1281 et
1098 1239 1339 1281 Romanam
1371 1239 1551 1280 classem
1586 1239 1699 1278 stare

144 1297 197 1338 ad
222 1296 498 1351 Naupactum
525 1298 734 1339 audivere.
785 1298 926 1340 vocati
955 1298 1066 1339 enim
1093 1298 1138 1339 111
1165 1297 1395 1339 concilium
1416 1296 1701 1349 Achaeorum,
1731 1301 1772 1332 12

142 1356 186 1396 in
229 1370 312 1411 quo
351 1358 393 1397 et
432 1370 504 1396 eae
542 1356 777 1411 legationes
819 1359 956 1410 erant,
997 1371 1104 1411 quae
1138 1357 1191 1398 ad
1222 1356 1408 1397 Phalara
1441 1357 1617 1410 egerant
1651 1354 1702 1396 de

125 1428 262 1468 pace,
299 1414 483 1468 primum
527 1415 666 1468 questi
706 1416 804 1456 sunt
843 1415 1053 1469 quaedam
1090 1429 1224 1469 parva
1263 1416 1411 1455 contra
1443 1413 1570 1455 fidem
1603 1427 1700 1454 con·

141 1473 355 1514 ventionis
388 1475 579 1527 tempore
611 1472 872 1514 indutiarum
904 1473 1037 1526 facta,
1070 1476 1292 1527 postremo
1317 1474 1530 1528 negarunt
1557 1471 1699 1513 dirimi
1729 1477 1769 1509 13

138 1531 301 1573 bellum
332 1545 476 1586 posse,
507 1532 591 1573 nisi
622 1530 849 1573 Messeniis
882 1531 1045 1574 Achaei
1077 1531 1233 1586 Pylum
1264 1531 1506 1583 redderent,
1545 1530 1701 1573 Roma-

140 1657 262 1693 Subst.
288 1658 355 1692 hat
379 1658 455 1692 Liv.
482 1670 550 1693 nui·
576 1658 666 1699 hier,
694 1659 760 1694 das
785 1659 882 1694 Verb

132 1705 332 1749 pacificare
345 1705 547 1740 mehrfach.
569 1705 737 1748 44,35‚6.
764 1706 883 1750 (Auch

136 1751 198 1787 bei
223 1751 377 1796 Cicero.)

187 1814 218 1845 5.
241 1820 311 1854 pro
337 1811 474 1845 Aetolis
500 1811 603 1854 cara]
640 1811 699 1846 die
723 1811 881 1856 Begriffe

140 1857 204 1892 der
234 1857 373 1891 Furcht
405 1858 480 1891 und
515 1857 579 1892 der
612 1857 725 1903 Sorge
760 1859 882 1894 haben

140 1906 232 1938 statt
272 1904 314 1938 de
355 1903 415 1938 bei
459 1904 535 1938 Liv.
581 1905 772 1940 mehrfach
811 1916 881 1950 pro

139 1950 200 1985 bei
220 1951 361 1985 81011-
318 1967 361 1979 =
383 1962 427 1984 zu
448 1950 615 1986 Gunsten
633 1952 733 1987 einer
753 1953 883 1997 Sache,

139 2009 183 2031 zu
232 1997 352 2031 11110111
396 1997 552 2032 Schutze
596 1998 747 2053 besorgt
795 2000 882 2034 sein.

139 2043 174 2088 2,
207 2048 262 2087 24,
295 2049 326 2079 4.
364 2048 493 2079 metum
517 2055 588 2089 pro
622 2057 793 2081 universa
828 2058 882 2082 re-

133 2091 296 2136 publica.

185 2155 295 2189 yrave
327 2144 499 2190 libertati]
533 2144 587 2179 als
612 2144 789 2180 Erbfeind
821 2145 885 2181 der

139 2190 395 2235 griechischen
409 2190 573 2226 Freiheit
591 2191 662 2236 gilt
683 2192 748 2226 der
760 2192 884 2228 make-

140 2237 313 2272 donische
334 2237 466 2282 Konig
499 2237 700 2283 33,12,10
727 2240 886 2274 libertati

145 2281 318 2320 Graeciae
348 2286 465 2320 cideri
489 2296 615 2330 yraves
642 2286 886 2321 Macedonum

139 2340 245 2374 reyes.

190 2392 222 2422 6.
249 2392 281 2423 et
302 2389 400 2424 Iocus
421 2393 453 2425 et
474 2391 566 2437 dies]
587 2391 683 2426 nach
703 2391 768 2426 der
788 2392 885 2426 Bun-

144 2435 430 2488 desverfassung
449 2437 584 2472 mufste
599 2438 658 2473 die
675 2438 766 2473 Vers
769 2450 884 2473 amm-

139 2481 259 2562 hundg
249 2494 300 2516 1111
314 2482 451 2517 Hersbt
468 2484 556 2519 oder
569 2485 753 2530 Fruhjahr
772 2487 884 2521 statt-

166 2540 190 2562 n
219 2539 273 2565 en.

190 2591 220 2623 7.
248 2587 452 2623 Chalcidem
497 2587 682 2635 Euboeae]
735 2590 884 2626 Ortsbe-

141 2633 342 2679 sizimmung
379 2635 494 2670 durch
532 2635 604 2670 den
636 2612 785 2671 Genitiv
820 2637 884 2672 des

141 2679 439 2716 Laudemamens
482 2683 578 2716 nach
615 2683 885 2727 griechischem

141 2726 330 2762 Vorbilde.
363 2727 428 2772 28,
462 2733 499 2773 7,
533 2733 553 2764 3
588 2729 760 2765 Phocidis
791 2730 884 2765 Ela-

140 2774 230 2809 tiam
255 2786 289 2808 u.
316 2784 348 2808 o.

188 2827 334 2861 litorum
377 2827 549 2873 adpulsa]
599 2828 780 2875 Landung
835 2841 882 2866 an

956 1659 1027 1694 den
1046 1660 1198 1703 Ksisten,
1217 1659 1292 1704 vgl.
1313 1670 1341 1694 c.
1365 1662 1395 1699 7,
1418 1662 1460 1693 13
1481 1658 1523 1694 ob
1544 1678 1586 1683 —
1607 1658 1703 1693 iram

953 1707 1073 1751 fuyae.

1003 1758 1035 1788 9.
1063 1753 1218 1798 curatio]
1235 1769 1278 1782 =
1297 1751 1468 1788 offizielle
1484 1751 1703 1796 Abhaltung

954 1800 1318 1845 gottesdienstlicher
1331 1799 1510 1834 Br’auche.
1529 1799 1564 1843 9,
1577 1802 1632 1843 43,
1645 1802 1701 1833 24.

953 1857 1140 1883 sacrorum
1164 1848 1360 1882 curatione.

1002 1894 1243 1939 Heraeorum]
1283 1906 1326 1928 zu
1357 1893 1481 1927 Ehren
1514 1893 1578 1928 der
1602 1892 1702 1928 Hera

955 1942 994 1976 in
1018 1940 1148 1986 Argos.

1002 1999 1037 2023 se
1062 1999 1106 2022 ex
1131 1999 1172 2022 εα
1197 1988 1342 2023 civitate
1367 1987 1542 2023 oriundos
1560 1987 1700 2033 ferunt]

957 2034 1702 2117 ’z’fssssrgffiffissfinc{gnssffffffssssffugissff

957 2132 1072 2164 vater.
1123 2129 1196 2174 vgl.
1227 2140 1262 2164 se
1287 2109 1485 2164 orim'zdum
1517 2140 1539 2163 a
1571 2139 1701 2174 magno

957 2177 1171 2212 Alexandro
1196 2177 1325 2220 ferens
1352 2176 1411 2219 35,
1439 2179 1495 2219 47,

1009 2227 1062 2259 12.
1094 2224 1259 2268 primum
1296 2243 1340 2248 -
1372 2223 1566 2268 postremo]
1613 2233 1700 2265 „-an

958 2270 1125 2316 fangs—
1140 2269 1401 2305 schh'esslieh‘n
1439 2269 1589 2304 Hierbei
1611 2249 1701 2304 lassis

959 2317 1038 2352 Liv.
1082 2316 1276 2352 mehrfach
1326 2315 1386 2351 die
1431 2315 1701 2361 Mittelglieder

957 2363 1083 2399 fehlen
1108 2364 1274 2407 (deinde),
1302 2363 1349 2398 da
1374 2374 1412 2398 es
1438 2374 1508 2398 nur
1533 2363 1600 2397 auf
1618 2364 1699 2398 eine

959 2410 1039 2456 Geg
1042 2412 1159 2446 enube
1162 2411 1343 2455 rstellung
1362 2410 1462 2446 eines
1482 2413 1605 2445 ersten
1624 2410 1701 2444 und

958 2458 1095 2493 letzten
1119 2457 1325 2493 Momentes
1351 2457 1556 2492 ankommt.

1003 2505 1118 2558 questi
1156 2504 1311 2550 ὅππη,
1316 2504 1379 2546 ,810
1416 2504 1571 2548 klagten
1609 2503 1701 2538 fiber

957 2551 1078 2597 einige
1111 2531 1401 2586 unwesentliche
1409 2551 1699 2595 Verletzungen

957 2598 1022 2633 der
1076 2598 1331 2643 garantierten
1392 2589 1698 2632 ‘Ubereinkunft‘fi

957 2645 1030 2688 vgl.
1064 2645 1099 2687 3,
1122 2648 1175 2687 18,
1196 2649 1228 2679 3.
1255 2645 1359 2687 fidem
1373 2645 1553 2687 foederum
1574 2660 1618 2673 =
1639 2644 1698 2678 (110

958 2672 1211 2736 garantierten
1235 2690 1426 2735 Vertrage.

1007 2741 1061 2772 13.
1101 2738 1224 2782 Pylos]
1264 2737 1488 2772 Hafensta-dt
1528 2738 1566 2772 in
1603 2737 1694 2781 Elis;

955 2785 1170 2820 Atintania:
1214 2783 1437 2819 Landstrich
1479 2785 1518 2819 in
1554 2784 1698 2831 Epirus,

955 2831 1126 2867 Ardiaei:
1153 2831 1416 2867 Volkerschaft
1440 2831 1620 2876 Illyriens.
