1926 3219
229 125 285 167 80
686 124 828 159 mena
853 124 1000 160 xxvii.
1051 123 1153 159 CAP.
1180 128 1236 159 46.
1263 128 1320 160 47.

1625 146 1652 165 a.
1670 146 1699 165 u.
1718 140 1779 167 547.

229 233 404 273 dimisso
432 232 603 286 signum
628 244 797 285 pugnae
823 229 1091 283 proponitur,
1121 230 1429 286 confestimque
1455 233 1499 274 in
1525 233 1661 274 aciem
1686 248 1782 288 pro·

234 290 400 332 cedunt.

350 348 440 388 Iam
474 347 620 388 hostes
653 348 752 387 ante
785 347 927 387 castra
958 344 1157 386 instructi
1190 345 1374 388 stabant.
1424 361 1588 390 moram
1614 363 1783 404 pugnae

230 406 388 459 attulit,
415 405 527 459 quod
553 403 812 457 Hasdrubal,
843 406 1070 458 provectus
1098 405 1197 444 ante
1224 403 1350 458 signa
1377 418 1469 445 cum
1495 409 1640 461 paucis
1668 408 1782 462 equi-

229 465 357 518 tibus,
390 465 512 505 scuta
542 465 687 504 vetera
718 462 906 504 hostium
939 462 1119 515 notavit,
1153 475 1260 516 quae
1293 464 1391 503 ante
1422 477 1510 504 non
1534 466 1710 521 viderat,
1743 469 1785 508 et

230 523 502 577 strigosiores
544 536 692 577 equos3
737 521 967 563 multitudo
1007 535 1173 575 quoque
1223 521 1360 562 maior
1405 521 1530 562 solita
1572 524 1664 565 visa
1708 529 1785 566 est.

184 591 201 621 2
231 582 470 635 suspicatus
499 581 610 621 enim
638 580 692 634 id,
719 580 830 635 quod
858 583 962 633 erat,
988 579 1178 633 receptui
1204 593 1385 632 propere
1412 579 1565 621 cecinit
1591 596 1640 623 ac
1664 583 1784 625 misit

230 640 282 682 ad
320 639 498 692 flumen,
536 639 646 680 unde
684 639 975 693 aquabantur,
1014 638 1087 679 ubi
1129 640 1171 679 et
1203 638 1339 692 excipi
1373 637 1504 691 aliqui
1535 644 1712 692 possent
1743 645 1786 683 et

229 699 372 740 notari
411 698 566 751 oculis,
609 698 644 739 si
686 699 758 753 qui
803 697 913 738 forte
960 697 1189 738 adustioris
1235 696 1391 738 coloris
1438 699 1485 737 ut
1531 711 1580 738 ex
1626 700 1786 740 recenti

183 767 202 797 3
230 758 299 798 via
331 759 491 810 essent3
524 757 651 798 simul
683 755 941 798 circumvehi
974 755 1122 809 procul
1156 757 1296 796 castra
1330 755 1450 796 iubet
1481 756 1787 811 specularique,

227 830 330 857 num
363 818 534 862 auctum
567 816 710 869 aliqua
742 817 862 868 parte
896 815 951 854 sit
991 814 1168 867 vallum,
1208 816 1250 854 et
1288 816 1336 854 ut
1374 815 1617 868 attendant,
1657 816 1788 857 semel

183 883 203 914 4
229 875 351 915 bisne
384 875 555 928 signum
587 877 715 914 canat
753 874 796 914 in
835 872 997 913 castris.

1060 886 1108 912 ea
1147 886 1243 912 cum
1283 872 1431 913 ordine
1470 873 1613 914 omnia
1651 873 1788 915 relata.

230 935 384 986 essent,
417 934 559 973 castra
589 931 697 972 nihil
731 933 855 972 aucta
887 944 1072 971 errorem
1104 930 1345 971 faciebant:
1379 930 1479 972 bina
1511 935 1646 986 erant,
1678 932 1788 974 sicut

229 995 327 1033 ante
360 991 588 1032 adventum
630 990 815 1031 consulis
856 989 1032 1030 alterius
1071 989 1256 1041 fuerant,
1295 1002 1380 1029 una
1411 988 1466 1030 M.
1500 989 1613 1044 Livi,
1651 990 1789 1032 altera

226 1050 270 1091 L.
303 1049 450 1103 Porci,
488 1049 652 1090 neutris
685 1049 931 1103 quicquam,
971 1062 1053 1102 quo
1093 1047 1221 1088 latius
1260 1046 1522 1101 tenderetur,
1560 1049 1613 1089 ad
1650 1050 1787 1090 muni-

184 1120 202 1149 5
230 1111 375 1149 menta
413 1107 637 1149 adiectum.

698 1107 802 1148 illud
842 1109 1030 1147 veterem
1071 1106 1220 1147 ducem
1254 1105 1561 1160 adsuetumque
1592 1106 1786 1149 Romano

228 1167 342 1208 hosti
381 1167 531 1219 movit,
571 1166 681 1220 quod
722 1167 852 1207 semel
891 1165 937 1206 in
974 1165 1202 1219 praetoriis
1244 1164 1396 1205 castris
1430 1164 1613 1218 signum,
1644 1165 1710 1207 bis
1743 1166 1787 1207 in

231 1225 526 1267 consularibus
558 1224 803 1266 referebant
835 1223 1052 1266 cecinisse.
1103 1223 1207 1265 duos
1239 1222 1434 1276 profecto
1461 1224 1656 1265 consules
1683 1238 1788 1278 esse,

232 1287 274 1326 et
306 1298 492 1338 quonam
525 1283 652 1325 modo
686 1283 794 1325 alter
827 1284 878 1325 ab
905 1281 1149 1323 Hannibale
1189 1280 1483 1335 abscessisset,
1521 1296 1623 1323 cura
1665 1296 1789 1337 ange-

188 1353 206 1384 6
234 1344 320 1384 bat.

384 1343 558 1384 minime
591 1341 654 1396 id,
686 1342 799 1396 quod
832 1344 945 1395 erat,
977 1341 1187 1395 suspicari
1219 1342 1403 1394 poterat,
1433 1342 1582 1382 tantae
1613 1341 1673 1381 rei
1704 1342 1789 1382 fru—

234 1402 441 1443 stratione
468 1400 758 1442 Hannibalem
785 1401 965 1453 elusum,
996 1402 1054 1453 ut,
1086 1400 1159 1440 ubi
1191 1399 1286 1452 dux,
1319 1398 1392 1439 ubi
1425 1400 1634 1440 exercitus
1667 1402 1791 1454 esset,

233 1475 326 1502 cum
372 1474 454 1514 quo
501 1462 639 1501 castra
684 1460 855 1501 conlata
899 1458 1093 1511 haberet,
1143 1459 1381 1512 ignoraret3
1431 1457 1624 1511 profecto
1677 1457 1790 1503 haud

279 1621 312 1646 c.
334 1610 393 1651 47,
417 1614 446 1644 1.
484 1613 587 1644 scuta
612 1613 730 1644 vetera
751 1630 794 1634 —
814 1609 970 1654 notarit]

230 1662 356 1693 notare
376 1673 419 1686 =
441 1667 489 1690 an
514 1657 695 1701 gewissen
715 1656 975 1691 Kennzeichen

231 1706 363 1746 (notae)
385 1703 587 1745 erkennen3
615 1706 644 1745 §—
671 1704 832 1738 2.notari
850 1704 973 1738 oculis

231 1751 299 1787 Die
344 1750 493 1785 Schilde
531 1749 596 1784 der
633 1750 871 1785 claudischen
909 1751 976 1785 Le-

231 1799 367 1844 gionen
423 1807 546 1831 waren
604 1797 689 1832 teils
745 1797 860 1832 durch
917 1797 976 1832 die

231 1844 390 1889 Kampfe
417 1855 445 1878 c.
467 1847 523 1886 41,
550 1843 636 1879 teils
662 1844 777 1879 durch
803 1844 875 1878 den
899 1844 975 1878 Eil—

231 1893 376 1927 marsch
419 1891 458 1925 in
502 1891 679 1926 hoherem
724 1890 846 1926 Grade
890 1891 975 1926 mit-

231 1948 461 1985 genommen.

279 1986 503 2030 striqosiores
528 1985 648 2031 equos]
676 1984 818 2020 Nonius
844 1997 879 2029 p.
910 1988 975 2020 168

233 2033 348 2068 Merk.
369 2033 544 2078 striyosus
563 2032 664 2076 apud
682 2036 810 2067 veteres
830 2033 974 2067 morbus

233 2081 370 2115 dicitur
411 2080 670 2121 iumentorum,
714 2081 778 2124 qui
820 2089 970 2123 corpora

233 2127 401 2170 strinyat,
427 2129 493 2160 aut
517 2126 595 2160 alia
616 2127 700 2160 vitii
718 2136 842 2168 causa,
867 2127 974 2171 quasi

233 2175 492 2219 strinyosus
518 2189 561 2201 =
589 2172 840 2217 abgetrieben.
885 2173 973 2207 Also

233 2221 292 2256 ein
318 2219 551 2254 archaisches
577 2219 696 2254 VVort.

280 2268 396 2302 maior
426 2267 550 2312 solita]
585 2283 629 2296 =
661 2266 802 2311 grosser
835 2266 890 2300 als
916 2267 974 2301 die

233 2314 358 2348 bisher
399 2313 655 2358 da=gewesene3
700 2315 817 2348 maior
866 2314 976 2348 solito

234 2361 359 2395 wurde
381 2360 475 2394 sein:
496 2359 639 2405 grosser
660 2360 716 2395 als
735 2361 786 2395 sie
801 2360 976 2404 gewohn-

234 2408 309 2441 lich
342 2408 406 2451 (im
433 2406 644 2442 romischen
670 2406 801 2451 Heere)
829 2419 870 2441 zu
898 2407 978 2442 sein

234 2454 383 2499 pflegte.

283 2504 314 2535 2.
353 2501 559 2544 suspicatus
619 2500 729 2546 enim]
792 2500 852 2544 „in
913 2500 978 2535 der

235 2547 468 2591 Vermutung
512 2547 575 2581 des
612 2547 762 2582 wahren
801 2547 977 2582 Sachver-

235 2595 390 2630 haltes“.
425 2595 518 2628 enim
539 2594 649 2637 steht,
669 2594 754 2628 weil
775 2594 839 2629 der
853 2593 979 2629 Grund

235 2654 279 2676 zu
323 2652 423 2676 mora
458 2652 606 2686 puynae
643 2644 672 2683 §—
702 2645 719 2675 1
759 2642 978 2687 angegeben

235 2688 339 2724 wird.
384 2688 454 2722 Zur
479 2688 694 2732 VVendung:
727 2691 758 2730 ξ.
780 2693 800 2723 6
833 2689 979 2723 minime

237 2737 292 2777 id,
319 2736 414 2779 quod
440 2739 534 2777 erat,
559 2736 743 2780 suspicari
762 2738 917 2780 poterat.

283 2782 418 2827 excipi]
474 2782 601 2827 hi'mfig
649 2793 722 2817 von
772 2781 979 2827 Gesangen-

236 2829 435 2873 nehmung.
480 2828 618 2873 22,42,
642 2833 694 2864 11.
734 2830 829 2865 inter
863 2830 980 2874 pabu-

237 2876 367 2910 latores
392 2877 537 2919 excepti.

1094 1609 1292 1642 adustioris
1331 1607 1474 1653 coloris]
1521 1607 1585 1642 das
1624 1607 1788 1642 Verbum

1048 1655 1148 1689 steht
1161 1655 1209 1688 im
1233 1654 1483 1699 eigentlichen
1497 1655 1608 1690 Sinne
1623 1654 1683 1697 39,
1697 1658 1754 1699 22,
1768 1659 1789 1689 3

1049 1703 1228 1736 adussisse
1243 1721 1285 1726 -—-
1301 1702 1524 1742 vestimentm
1541 1712 1611 1736 von
1632 1701 1788 1746 Korper-

1048 1749 1150 1783 farbe
1181 1748 1241 1782 bei
1268 1750 1438 1792 spiiteren
1463 1748 1599 1793 haufig.

1097 1800 1129 1829 3.
1168 1796 1270 1830 semel
1297 1795 1410 1840 bisne]
1439 1794 1516 1830 dies
1536 1795 1595 1830 die
1615 1795 1792 1830 seltenste

1049 1842 1159 1877 Form
1185 1842 1249 1876 der
1268 1841 1518 1886 Doppelfrage
1538 1841 1598 1876 bei
1617 1842 1695 1876 Liv.
1716 1842 1793 1876 und

1049 1901 1127 1933 nur,
1157 1900 1264 1923 wenn
1291 1888 1398 1923 beide
1425 1888 1574 1923 Glieder
1599 1887 1792 1924 derselben

1048 1947 1122 1971 von
1143 1936 1182 1981 je
1209 1935 1328 1970 einem
1356 1935 1486 1971 Worte
1512 1935 1679 1980 gebildet
1704 1946 1792 1970 wer-

1049 1983 1130 2018 den.
1177 1994 1206 2018 c.
1233 1987 1288 2025 44,
1318 1987 1346 2016 1.
1381 1983 1575 2018 laudarent
1610 1983 1790 2028 vitupera-

1045 2033 1227 2065 renturne.

1094 2082 1125 2111 4.
1164 2088 1203 2112 ecc
1243 2087 1324 2111 cum
1361 2077 1502 2122 ordine]
1552 2077 1640 2120 „der
1676 2075 1792 2111 Reihe

1046 2123 1183 2165 nach“;
1212 2123 1258 2158 ob
1280 2124 1318 2157 in
1337 2123 1584 2168 bejahendem
1606 2123 1695 2159 oder
1712 2133 1794 2158 ver-

1047 2170 1254 2206 neinenden
1283 2170 1411 2212 Sinne,
1445 2170 1591 2216 ergiebt
1622 2172 1699 2205 eret
1729 2170 1792 2204 das

1046 2218 1230 2263 folgende.

1096 2266 1185 2300 bina
1212 2285 1254 2289 —
1281 2275 1359 2299 mia
1384 2284 1426 2289 ——
1455 2263 1585 2309 altera]
1624 2263 1683 2298 die
1708 2262 1795 2297 Plu-

1049 2312 1292 2346 raliatantum
1332 2311 1491 2345 nehmen
1522 2310 1583 2345 bei
1616 2310 1694 2345 Liv.
1727 2321 1794 2344 nur

1050 2358 1110 2393 die
1143 2358 1391 2392 Distributiva
1421 2358 1518 2399 bini,
1558 2369 1590 2391 u.
1619 2368 1645 2391 S.
1673 2367 1717 2392 w.
1751 2368 1793 2390 zn

1051 2405 1147 2445 sich3
1202 2404 1296 2439 auch
1348 2406 1416 2439 um‘
1460 2404 1508 2438 ist
1546 2403 1654 2438 dabei
1690 2403 1794 2438 nicht

1051 2452 1184 2486 selten:
1211 2451 1272 2493 25,
1293 2455 1324 2495 7,
1346 2456 1376 2485 5.
1403 2451 1589 2486 triumviri
1608 2451 1698 2494 bini,
1724 2451 1793 2484 uni

1051 2519 1094 2524 —-
1121 2500 1236 2533 alteri.

1099 2551 1129 2580 5.
1156 2545 1258 2580 semel
1269 2565 1311 2570 —
1324 2544 1392 2590 bis]
1409 2544 1513 2589 jeder
1527 2542 1794 2578 Befehlshaber

1051 2592 1132 2627 liess
1165 2594 1276 2637 (etwa
1307 2603 1389 2626 zum
1418 2591 1581 2625 Ablosen
1611 2590 1675 2624 der
1706 2589 1793 2624 Wa-

1052 2640 1160 2683 chen)
1185 2639 1245 2673 fiir
1270 2639 1329 2674 die
1354 2639 1461 2673 unter
1486 2637 1562 2671 ihm
1589 2636 1794 2672 stehenden

1052 2687 1227 2732 Truppen
1252 2684 1451 2721 besonders
1475 2684 1615 2719 blasen.

1099 2735 1286 2769 adsuetum
1305 2731 1351 2766 R.
1371 2731 1480 2777 hosti]
1507 2731 1571 2765 der
1595 2730 1707 2766 Dativ
1732 2729 1793 2765 bei

1052 2782 1239 2821 adsuesco,
1278 2779 1486 2821 adsuefacio
1522 2777 1598 2812 und
1635 2777 1793 2820 adsuefio

1053 2828 1153 2862 steht
1166 2827 1202 2860 in
1217 2825 1332 2860 Prosa
1345 2827 1422 2860 erst
1435 2825 1505 2860 seit
1512 2824 1608 2866 Liv.;
1623 2823 1718 2859 doch
1726 2824 1793 2858 hat

1054 2885 1092 2909 er
1112 2873 1232 2917 dabei,
1252 2872 1321 2907 wie
1343 2873 1458 2908 sehon
1475 2872 1598 2916 cesar,
1618 2871 1713 2906 auch
1732 2871 1791 2906 ad.
