1926 3219
129 142 156 161 a.
176 133 227 160 ch.
247 133 308 159 207.
588 117 730 152 LIBER
756 116 902 152 XXVII.
953 116 1054 152 CAP.
1082 120 1137 150 47.
1164 118 1219 149 48.
1622 112 1675 154 81

129 226 332 269 mediocri
363 225 480 267 clade
514 225 790 267 absterritum
823 223 987 277 insequi
1024 237 1109 263 non
1149 236 1317 273 ausum,
1355 233 1510 275 magno
1549 233 1676 273 opere

129 284 284 337 vereri,
322 298 374 324 ne
408 283 585 337 perditis
617 283 742 324 rebus
774 296 913 324 serum
945 281 1035 335 ipse
1069 280 1271 321 auxilium
1304 279 1491 320 venisset
1521 276 1676 319 Roma-

125 343 274 398 nisque
313 341 460 383 eadem
498 342 582 383 iam
621 341 793 383 fortuna
829 341 872 381 in
909 340 1036 381 Italia
1075 353 1182 393 quae
1221 339 1264 379 in
1302 336 1514 391 Hispania
1551 339 1678 378 esset.

125 399 339 442 interdum
372 400 537 441 litteras
571 415 668 441 suas
701 399 753 441 ad
786 413 881 440 eum
918 412 1003 439 non
1042 398 1282 451 pervenisse
1321 395 1506 447 credere,
1546 395 1671 435 inter·
1700 395 1721 426 8

125 459 343 513 ceptisque
375 459 411 499 is
444 459 659 500 consulem
692 458 745 498 ad
777 472 868 498 sese
907 455 1232 510 opprimendum
1273 454 1546 495 adcelerasse.
1607 452 1674 493 his

127 517 276 558 anxius
322 517 433 558 curis
477 517 675 558 extinctis
719 515 892 569 ignibus
938 514 1086 566 vigilia
1129 513 1267 565 prima
1305 511 1404 552 dato
1445 512 1585 565 signo,
1629 513 1677 551 ut

126 575 249 616 taciti
287 590 390 616 vasa
429 575 694 629 colligerent,
733 573 857 625 signa
894 571 995 611 ferri
1032 571 1169 611 iussit.
1232 570 1276 610 in
1314 569 1600 622 trepidatione
1633 571 1675 609 et
1701 570 1720 601 9

129 636 339 674 nocturno
384 633 570 674 tumultu
613 631 738 672 duces
782 644 934 684 parum
977 629 1142 670 intente
1194 627 1424 680 adservati,
1475 627 1582 668 alter
1632 627 1677 667 in

129 692 353 733 destinatis
391 692 476 732 iam
514 692 610 730 ante
650 688 792 729 animo
832 687 1010 728 latebris
1050 685 1256 738 subsedit,
1301 686 1408 726 alter
1453 699 1527 738 per
1570 684 1678 726 vada

131 753 234 791 nota
280 749 521 790 Metaurum
564 747 721 788 flumen
766 746 964 788 tranavit.
1039 745 1100 786 ita
1145 744 1357 785 desertum
1403 744 1456 784 ab
1501 743 1676 784 ducibus

128 821 281 862 agmen
317 807 457 860 primo
489 819 565 859 per
596 818 722 860 agros
755 805 942 858 palatur,
975 804 1159 857 fessique
1192 803 1357 857 aliquot
1391 802 1597 854 (itinere)
1630 815 1678 842 ac

131 865 289 919 vigiliis
335 866 531 905 sternunt
576 878 724 905 somno
777 877 954 917 corpora
1002 862 1162 916 passim
1214 863 1342 915 atque
1392 860 1679 913 infrequentia

127 923 376 976 relinquunt
407 923 541 977 signa.
602 921 865 972 Hasdrubal,
904 922 1004 962 dum
1036 921 1108 961 lux
1141 920 1254 961 viam
1287 918 1548 971 ostenderet,
1586 919 1678 972 ripa
1707 920 1748 950 10

129 980 316 1022 fluminis
350 981 474 1036 signa
506 981 607 1022 ferri
640 981 776 1033 iubet3
812 982 854 1021 et
885 994 960 1033 per
992 979 1178 1020 tortuosi
1211 978 1347 1018 amnis
1381 977 1498 1018 sinus
1530 976 1680 1018 flexus-

129 1053 208 1093 que
241 1053 337 1080 cum
370 1040 516 1080 orbem
548 1040 720 1080 volvens
751 1038 865 1079 haud
897 1038 1081 1078 multum
1114 1036 1403 1090 processisset,
1435 1035 1508 1076 ubi
1540 1035 1679 1089 prima

127 1097 200 1138 lux
238 1097 469 1138 transitum
509 1100 796 1152 opportunum
835 1096 1110 1148 ostendisset,
1148 1095 1408 1135 transiturus
1441 1097 1542 1135 erat.
1606 1093 1679 1135 sed
1708 1095 1748 1125 11

128 1169 240 1208 cum,
281 1159 486 1210 quantum
529 1171 553 1197 a
587 1156 696 1197 mari
729 1155 1001 1207 abscedebat,
1039 1155 1160 1195 tanto
1194 1152 1418 1194 altioribus
1451 1152 1680 1193 coercenti-

130 1214 210 1255 bus
243 1228 410 1255 amnem
448 1215 552 1268 ripis
591 1229 678 1256 non
715 1213 928 1255 inveniret
964 1212 1090 1266 vada,
1130 1211 1240 1252 diem
1278 1210 1454 1252 terendo
1494 1210 1682 1264 spatium

134 1271 250 1313 dedit
283 1272 335 1313 ad
366 1272 672 1326 insequendum
706 1287 797 1313 sese
828 1272 957 1314 hosti.

248 1329 362 1372 Nero
395 1332 579 1385 primum
611 1345 705 1372 cum
738 1331 854 1372 omni
887 1330 1079 1385 equitatu
1113 1329 1294 1381 advenit,
1326 1328 1501 1369 Porcius
1528 1326 1679 1368 deinde
1705 1324 1755 1360 48

131 1388 356 1430 adsecutus
395 1403 490 1429 cum
527 1389 609 1429 levi
650 1392 878 1430 armatura.
947 1389 1019 1443 qui
1056 1402 1150 1429 cum
1188 1386 1349 1428 fessum
1395 1400 1551 1441 agmen
1595 1400 1683 1426 car·
1711 1387 1731 1418 2

128 1450 277 1500 perent
317 1447 370 1487 ab
410 1447 526 1488 omni
562 1450 683 1500 parte
721 1448 1091 1501 incursarentque,
1130 1448 1172 1486 et
1208 1445 1293 1486 iam
1327 1445 1485 1486 omisso
1518 1444 1685 1497 itinere,

133 1505 246 1559 quod
278 1504 404 1560 fugae
438 1505 573 1546 simile
606 1508 708 1558 erat,
742 1509 884 1547 castra
914 1505 1068 1546 metari
1093 1504 1262 1545 Poenus
1295 1504 1339 1544 in
1364 1503 1530 1544 tumulo
1558 1516 1685 1556 super

130 1562 319 1604 fluminis
359 1564 497 1618 ripam
530 1564 675 1616 vellet,
714 1564 885 1605 advenit
916 1563 1061 1604 Livius
1094 1562 1286 1617 peditum
1318 1562 1515 1604 omnibus
1548 1561 1683 1614 copiis
1710 1563 1730 1593 3

130 1635 218 1663 non
262 1621 428 1663 itineris
472 1622 616 1676 modo,
661 1622 734 1663 sed
780 1622 832 1663 ad
876 1621 1182 1663 conserendum
1221 1620 1434 1675 extemplo
1473 1620 1686 1673 proelium

177 1739 207 1770 7.
228 1737 387 1780 perditis
418 1736 537 1781 rebus]
572 1736 644 1772 abl.
680 1737 794 1771 absol.
828 1754 872 1765 =

130 1782 249 1825 „nach
256 1783 513 1828 Verniehtung
522 1783 587 1818 der
594 1783 754 1818 Macht“.
776 1795 807 1819 c.
816 1788 871 1826 2Ο,

129 1833 315 1910 :Jim-'slerum
325 1833 409 1874 post
423 1831 513 1864 male
528 1833 659 1874 qestam
676 1841 749 1865 rem
764 1832 871 1865 auoez'-

991 1737 1076 1781 ripa
1119 1736 1296 1781 fluminis]
1342 1733 1486 1770 lokaler
1524 1733 1688 1775 Ablativ,

945 1783 1014 1817 wie
1034 1784 1141 1825 mari,
1164 1784 1316 1828 reqione,
1337 1783 1408 1823 via,
1433 1781 1584 1815 adversa
1604 1781 1690 1824 ripa

944 1842 977 1865 n.
1005 1841 1038 1865 a.
1063 1829 1124 1864 bei
1146 1828 1278 1863 Verbis
1305 1829 1369 1863 der
1394 1829 1617 1872 Bewegung.
1645 1847 1689 1852 -—

991 1877 1145 1912 tortuosi
1182 1875 1314 1921 amnis]
1361 1875 1447 1917 „des
1491 1873 1571 1909 sich
1609 1873 1689 1908 hin-

179 1924 211 1956 8.
237 1923 456 1968 interceptis]
487 1923 761 1969 „auffangen“.
797 1924 870 1969 vgl.

131 1981 160 2005 c.
189 1974 245 2011 24,
272 1973 292 2004 8
318 1971 551 2005 intercidisse.

179 2019 210 2050 9.
237 2017 357 2062 duces]
398 2017 640 2061 Wegweiser,
683 2017 738 2052 oft
777 2017 871 2052 ohne

130 2063 428 2098 hinzutretendes
453 2064 606 2098 itineris.
645 2063 711 2108 28,
751 2068 812 2107 16,
850 2069 870 2099 2

130 2110 283 2145 ducibus
307 2113 357 2144 est
381 2111 564 2145 creditum.

176 2160 343 2192 sternunt
372 2167 494 2192 somno
525 2157 694 2203 corpora]
733 2158 807 2202 vgl.
841 2168 870 2192 c.

130 2207 188 2247 48,
217 2207 270 2238 16.
304 2205 480 2248 stratique
503 2215 625 2239 somno
644 2205 786 2249 passim
805 2215 873 2248 per

131 2260 246 2301 ayros
281 2271 324 2275 —
359 2261 511 2294 corpora
542 2268 586 2280 =
620 2251 758 2295 „sich“,
802 2251 871 2286 wie

130 2308 170 2330 m
193 2307 346 2341 corpora
368 2297 515 2340 firmare
540 2310 574 2332 u.
601 2308 632 2333 a.

177 2343 421 2387 infrequentia
456 2344 578 2390 siyna]
623 2344 688 2379 der
724 2344 872 2389 prolep—

131 2389 250 2424 tische
283 2389 475 2425 Gebraueh
507 2391 569 2426 des
594 2390 791 2436 Adjektivs
824 2393 874 2427 ist

133 2434 214 2470 eine
240 2435 420 2479 Freiheit,
449 2437 507 2471 die
536 2438 645 2473 meist
669 2450 738 2472 nur
762 2438 873 2473 Dich-

131 2484 189 2517 ter
226 2482 304 2517 sich
341 2484 545 2527 gestatten3
588 2485 649 2519 bei
685 2484 762 2520 Liv.
801 2485 872 2520 oft:

131 2528 192 2572 23,
220 2533 273 2571 10,
302 2533 332 2564 1.
366 2533 513 2565 senatus
536 2531 743 2575 frequens
767 2533 876 2567 datus

132 2575 342 2611 Hannibali
366 2588 400 2610 u.
427 2587 458 2611 o.

168 2625 240 2674 ,10.
267 2623 332 2657 lua:
357 2624 454 2658 viam
479 2624 688 2669 ostenderet]
729 2635 768 2659 so
795 2626 878 2669 sagt

133 2668 213 2720 Liv.
233 2670 376 2705 ostendo
396 2670 450 2705 oft
469 2681 541 2705 von
559 2670 716 2715 Dingen,
737 2671 877 2706 welche

134 2714 195 2749 dle
231 2714 477 2761 Moglichkeit
519 2719 632 2752 etwas
672 2729 716 2751 zu
754 2718 877 2760 sehen,

134 2762 342 2806 gew'ahren.
372 2763 410 2805 7,
439 2767 499 2806 12,
525 2768 557 2799 3.
589 2765 654 2799 lum
680 2784 722 2789 —
749 2765 880 2800 hostem

134 2808 298 2844 ostendit.
319 2809 354 2851 9,
365 2813 421 2852 35,
434 2814 464 2844 2.
485 2812 687 2855 (planities)
701 2832 745 2836 —
758 2812 877 2847 multi-

136 2855 297 2890 tudinem
321 2857 485 2893 ostendit.
516 2858 591 2902 vgl.
620 2869 648 2894 c.
677 2862 709 2902 2,
738 2862 792 2894 10.

204 2920 261 2946 Tit.
283 2921 351 2946 Liv.
370 2921 404 2946 Β.
425 2923 467 2948 27.

944 1923 1164 1958 windenden
1188 1923 1374 1964 Flusses“;
1408 1933 1448 1957 so
1480 1923 1564 1965 sagt
1595 1920 1691 1955 auch

946 1970 1091 2005 Cicero:
1122 1970 1225 2004 alvus
1249 1972 1427 2011 tortuosa;
1455 1980 1488 2002 u.
1510 1968 1565 2002 oft
1584 1968 1690 2002 siber-

942 2020 1074 2061 tragen
1095 2033 1139 2045 =
1158 2015 1384 2051 verwiekelt.
1418 2015 1497 2049 Liv.
1516 2026 1586 2049 nur
1600 2013 1691 2048 hier.

990 2064 1108 2098 orbem
1138 2063 1296 2108 volvens]
1334 2062 1438 2105 „sich
1472 2062 1523 2095 im
1561 2060 1690 2095 Kreise

942 2110 1169 2156 bewegend“
1197 2110 1269 2154 vgl.
1296 2109 1331 2153 3,
1361 2112 1415 2152 10,
1442 2112 1474 2144 8.
1501 2108 1598 2143 orbis
1617 2108 1689 2142 vol-

943 2158 1058 2192 vitur:
1079 2157 1143 2192 der
1156 2155 1346 2191 Kreislauf
1356 2155 1578 2190 wiederholt
1592 2154 1688 2196 sich;

943 2206 1047 2285 {onst
1065 2204 1181 2239 orbem
1201 2204 1336 2239 volvere
1350 2219 1394 2231 =
1409 2202 1564 2245 Knauel,
1579 2201 1689 2236 Car-re

969 2251 1079 2285 ilden.

994 2302 1048 2332 11.
1075 2309 1098 2332 a
1128 2297 1223 2332 mari
1255 2296 1481 2342 abscedebat]
1521 2295 1594 2340 vgl.
1626 2294 1688 2339 21,

945 2348 1007 2387 31,
1034 2348 1066 2379 2.
1092 2348 1269 2389 quantum
1293 2355 1317 2378 α
1349 2344 1445 2378 mari
1482 2342 1689 2385 recessisset,

945 2392 1080 2434 minu&
1097 2392 1155 2425 fiir
1168 2390 1574 2435 tantonachquantum:
1588 2389 1623 2431 5,
1634 2392 1690 2431 10,

947 2442 978 2473 5.
1013 2442 1189 2482 quantum
1215 2458 1259 2462 —-
1286 2438 1487 2482 anyebatur
1507 2445 1690 2477 numerus,

946 2488 1048 2520 tanto
1073 2486 1209 2520 maiore
1231 2485 1388 2528 pecunia
1416 2504 1458 2508 —-
1484 2493 1576 2527 opus
1600 2485 1688 2516 erat.

994 2542 1026 2567 c.
1053 2531 1123 2575 48,
1148 2535 1180 2567 2.
1209 2542 1318 2576 super
1343 2551 1387 2556 —
1413 2530 1549 2575 ripam]
1581 2539 1692 2572 super

949 2596 993 2608 =
1024 2578 1087 2613 frz.
1119 2589 1183 2614 sur
1213 2589 1286 2613 von
1318 2578 1382 2613 der
1412 2577 1510 2621 Lage
1543 2587 1591 2611 an
1622 2575 1693 2611 Ge-

949 2628 1109 2660 wassern
1147 2624 1213 2667 28,
1241 2628 1304 2667 37,
1331 2629 1362 2659 9.
1400 2634 1508 2667 super
1532 2626 1692 2667 portum.

998 2672 1140 2706 itineris
1182 2671 1298 2715 modo]
1345 2668 1693 2714 „marschmafsig“;

950 2717 1010 2760 35,
1031 2721 1087 2760 34,
1111 2721 1164 2752 10.
1191 2718 1333 2752 itineris
1348 2738 1390 2743 —
1404 2717 1508 2752 modo
1527 2716 1693 2751 solutis

951 2765 1199 2800 ordinibus.

998 2812 1047 2846 ad
1089 2811 1341 2847 conserendum
1382 2810 1554 2854 extemplo
1589 2819 1694 2854 proe-

952 2858 1056 2904 lium]
1090 2870 1196 2901 „zum
1228 2856 1430 2902 sofortigen
1455 2856 1598 2902 Beginn
1629 2855 1694 2891 des

1387 2919 1406 2950 6
