1926 3219
615 95 757 131 LIBER
784 95 929 131 XXVII.
981 95 1082 131 CAP.
1110 99 1165 129 24.
1192 99 1247 129 25.
1650 96 1707 137 45

154 117 182 136 a.
205 109 257 136 ch.
278 110 337 135 208.

155 203 319 257 templo
352 202 451 244 dare
485 205 557 243 aut
585 217 628 243 se
656 206 825 256 postero
852 202 918 243 die
946 205 1191 243 senatorum
1219 202 1358 243 omnis
1384 201 1540 244 liberos
1568 216 1707 257 sump-

156 263 299 303 turum
338 261 479 302 edixit.
548 260 643 302 inde
682 264 829 314 portas
873 260 1083 302 custodire
1122 260 1247 302 iussit
1282 260 1477 301 tribunos
1519 261 1706 302 militum

156 319 480 374 praefectosque
514 320 673 360 socium
701 321 742 360 et
769 319 1050 372 centuriones,
1082 333 1133 359 ne
1160 319 1255 372 quis
1281 320 1404 360 nocte
1431 318 1535 359 urbe
1563 320 1705 360 exiret.

156 378 200 418 id
238 377 411 431 segnius
450 377 829 432 neglegentiusque
860 377 1039 418 factum:
1080 379 1241 430 septem
1273 376 1488 431 principes
1520 380 1705 429 senatus,

155 435 405 490 priusquam
445 436 662 477 custodiae
701 436 745 476 in
782 435 919 488 portis
959 435 1221 486 locarentur,
1266 437 1366 475 ante
1403 436 1572 476 noctem
1612 449 1706 476 cum

154 493 300 534 liberis
340 496 578 534 evaserunt.
647 496 817 546 postero
862 492 928 532 die
972 492 1065 532 luce
1106 493 1262 544 prima,
1307 506 1401 532 cum
1447 495 1618 534 senatus
1663 493 1705 533 in

153 550 294 593 forum
327 552 451 592 citari
483 554 656 605 coeptus
697 552 829 601 esset,
867 548 1113 601 desiderati,
1151 549 1345 602 bonaque
1384 563 1529 590 eorum
1569 551 1706 591 venie-

155 612 265 651 runt.
317 625 341 651 a
367 609 518 650 ceteris
546 607 816 649 senatoribus
843 608 1012 646 centum
1039 606 1194 660 viginti
1223 607 1404 660 obsides,
1436 607 1561 648 liberi
1593 608 1705 661 ipso-

153 682 260 721 rum,
287 668 454 720 accepti
480 665 711 718 traditique
733 662 777 705 C.
799 663 998 705 Terentio
1019 664 1202 705 Romam
1228 664 1472 706 deducendi.
1504 665 1539 706 is
1561 666 1705 707 omnia

153 726 432 780 suspectiora,
463 737 590 777 quam
623 725 720 763 ante
751 722 938 775 fuerant,
978 723 1021 763 in
1059 725 1209 763 senatu
1246 722 1358 764 fecit.
1419 723 1561 777 itaque
1599 727 1705 765 tam-

152 797 281 838 quam
314 782 562 823 imminente
589 781 773 822 Etrusco
805 781 995 822 tumultu
1026 781 1240 836 legionem
1272 795 1414 833 unam,
1447 782 1626 822 alteram
1658 796 1708 823 ex

152 840 346 894 urbanis,
388 840 605 880 Arretium
650 839 802 880 ducere
846 839 986 880 iussus
1032 839 1122 893 ipse
1161 837 1206 880 C.
1245 838 1487 891 Terentius,
1533 853 1707 894 eamque

150 898 308 940 habere
347 899 390 939 in
430 897 642 951 praesidio
681 897 821 950 urbis,
859 896 902 938 C.
935 896 1174 939 Hostilium
1213 911 1308 938 cum
1347 899 1487 938 cetero
1520 898 1706 939 exercitu

152 956 315 1010 placuit
345 959 484 998 totam
516 956 780 1010 provinciam
813 969 1042 1011 peragrare
1076 958 1119 996 et
1149 969 1309 1008 cavere,
1340 969 1392 996 ne
1424 970 1508 1010 qua
1539 956 1706 997 occasio

152 1028 313 1056 novare
346 1014 617 1068 cupientibus
643 1028 710 1055 res
737 1014 920 1055 daretur.
971 1012 1017 1055 C.
1042 1013 1265 1054 Terentius
1292 1016 1339 1054 ut
1363 1014 1583 1055 Arretium
1610 1028 1707 1055 cum

153 1073 324 1128 legione
361 1072 496 1126 venit,
534 1073 674 1114 claves
713 1075 935 1126 portarum
974 1086 1070 1113 cum
1107 1072 1388 1126 magistratus
1428 1072 1708 1125 poposcisset,

151 1131 414 1186 negantibus
456 1131 509 1171 iis
549 1144 810 1185 comparere,
851 1129 999 1171 fraude
1038 1132 1203 1171 amotas
1242 1130 1382 1185 magis
1420 1133 1538 1171 ratus
1581 1145 1708 1184 quam

151 1190 430 1245 neglegentia
461 1189 736 1242 intercidisse,
768 1189 860 1243 ipse
893 1188 999 1229 alias
1027 1189 1158 1230 clavis
1185 1188 1384 1229 omnibus
1410 1189 1547 1242 portis
1573 1188 1708 1242 impo-

153 1248 260 1300 suit,
299 1248 494 1301 cavitque
534 1262 629 1289 cum
667 1261 786 1301 cura,
830 1250 878 1288 ut
916 1247 1060 1289 omnia
1098 1247 1142 1288 in
1180 1248 1392 1300 potestate
1433 1261 1509 1287 sua
1547 1249 1707 1300 essent·

154 1304 394 1347 Hostilium
427 1305 632 1346 intentius
665 1305 844 1359 monuit,
874 1307 923 1346 ut
954 1306 999 1346 in
1031 1319 1079 1346 eo
1113 1319 1232 1359 spem
1263 1318 1349 1345 non
1375 1307 1567 1346 moturos
1594 1305 1706 1359 quic-

155 1377 283 1417 quam
304 1363 511 1404 Etruscos
531 1366 721 1417 poneret,
749 1364 797 1416 si,
823 1378 875 1404 ne
897 1363 998 1417 quid
1017 1377 1187 1404 movere
1207 1366 1385 1417 possent
1410 1363 1708 1416 praecavisset.

270 1421 332 1462 De
371 1421 615 1462 Tarentinis
654 1420 750 1462 inde
789 1435 946 1475 magna
984 1421 1256 1463 contentione
1294 1421 1339 1461 in
1378 1423 1529 1461 senatu
1562 1423 1703 1462 actum

153 1493 298 1521 coram
324 1479 469 1532 Fabio,
502 1479 752 1520 defendente
783 1479 878 1533 ipso
906 1494 1011 1533 quos
1038 1481 1210 1533 ceperat
1236 1479 1376 1532 armis,
1409 1479 1503 1519 aliis
1530 1478 1707 1520 infensis

1012 1616 1236 1660 neyleyentia
1261 1616 1498 1660 intercidisse]
1526 1627 1615 1657 „aus
1635 1617 1708 1651 Un-

966 1663 1135 1707 ordnung
1153 1661 1362 1705 verloren“;
1388 1664 1616 1697 intercidere:
1637 1663 1707 1708 eig.

967 1721 1034 1751 „zu
1053 1709 1157 1743 Falle
1184 1720 1250 1743 vor
1276 1709 1360 1743 dem
1384 1709 1589 1744 erreichten
1609 1710 1707 1744 Ziele

965 1756 1173 1797 kommen“‚
1189 1756 1304 1790 dann:
1321 1755 1707 1798 ‚,zunichtewerden“:

151 1616 281 1661 edixit]
315 1616 374 1651 die
400 1616 670 1651 Konstruktion
705 1616 754 1651 ist
779 1627 892 1661 unge-

150 1663 348 1698 wohnlich.
397 1663 453 1697 Da
484 1663 598 1698 edixit
623 1675 704 1697 zum
733 1668 763 1698 1.
791 1662 891 1697 Satz-

150 1710 274 1755 gliede
293 1710 332 1744 in
352 1709 415 1744 der
430 1709 650 1754 Bedeutung
663 1709 891 1753 ‚‚befehlen“,

151 1768 236 1791 zum
262 1759 295 1792 2.
331 1756 369 1790 111
399 1756 465 1791 der
495 1756 683 1799 „bekannt
713 1756 893 1791 machen“

151 1803 314 1848 gedacht
338 1802 441 1846 wird,
469 1814 508 1838 so
533 1802 668 1837 mfisste
695 1804 789 1837 statt
807 1803 894 1838 dare

153 1870 197 1874 -
241 1853 282 1884 ut
328 1850 457 1884 darent
506 1849 646 1884 stehen.
709 1849 761 1883 Zu
807 1850 894 1884 dare

152 1896 340 1931 schwebte
367 1895 450 1930 dem
470 1895 547 1930 Liv.
575 1896 675 1930 wohl
691 1896 799 1930 iussit
817 1906 893 1931 vor.

200 1946 231 1978 5.
271 1943 380 1978 citari
411 1942 569 1988 coeptus]
613 1942 683 1977 mit
723 1942 894 1986 passiven

156 1989 367 2024 Infinitiven
393 1989 588 2024 verbindet
606 1989 683 2023 Liv.
710 1989 786 2023 fast
810 2000 893 2023 aus-

154 2035 342 2071 nahmslos
374 2035 439 2070 das
465 2035 594 2070 Passiv
626 2039 768 2080 coeptus
798 2046 892 2078 sum3

151 2083 288 2117 ebenso
316 2081 442 2117 Cicero
474 2082 549 2116 und
576 2081 697 2117 Casar.

197 2130 418 2173 suspectiora
468 2148 512 2153 —
561 2129 660 2173 fecit]
710 2132 893 2173 suspectus

151 2175 278 2220 haufig
303 2186 376 2210 von
394 2174 551 2220 Dingen,
577 2187 650 2210 von
674 2175 793 2211 denen
812 2175 892 2210 eine

153 2221 292 2257 Gefahr
311 2234 354 2256 zu
368 2222 507 2256 drohen
527 2222 687 2257 scheint:
706 2232 805 2257 mare
818 2232 892 2257 sus-

148 2271 302 2312 pectum,
328 2269 427 2304 locus
450 2272 635 2312 suspectus
659 2281 695 2304 u.
721 2280 752 2303 a.

202 2318 234 2349 6.
253 2326 375 2357 wnam,
397 2316 545 2350 alteram
559 2326 601 2350 ex
614 2316 782 2361 urbanis]
798 2315 892 2358 eine,

154 2360 230 2395 und
279 2371 374 2395 zwar
416 2362 475 2396 die
518 2362 644 2397 zweite
689 2364 776 2406 (von
819 2362 892 2396 den

155 2410 352 2450 c.22,10
395 2409 621 2453 erw'ahnten)
666 2408 894 2444 stadtischen

153 2453 352 2498 Legionen.

203 2502 245 2535 in
252 2501 440 2544 praesidio
453 2501 620 2547 habere1,
624 2501 673 2544 ‚in
686 2502 894 2547 Besatzung

154 2546 306 2592 legen“;
337 2547 411 2592 vgl.
438 2548 479 2582 in
503 2550 602 2583 tectis
626 2549 752 2584 habere
777 2560 893 2584 excer-

155 2594 284 2638 citum,
308 2595 351 2628 in
375 2595 498 2637 armis,
523 2606 564 2630 1η
588 2595 743 2630 vinculis
767 2596 895 2631 habere

156 2640 321 2684 aliquem.

205 2690 237 2722 8.
275 2687 405 2728 fraude
455 2688 607 2733 amotas]
667 2687 742 2731 „sie
789 2687 896 2727 ‚seien

157 2732 264 2777 listig
288 2733 495 2778 beseitigt‘n
540 2746 568 2769 c.
591 2738 647 2778 20,
668 2739 687 2769 5
708 2736 748 2769 in
767 2735 897 2769 ultima

158 2779 368 2823 Hispaniae
404 2782 530 2816 amoti:
579 2781 666 2823 „auf
701 2781 759 2816 die
798 2781 896 2816 Seite

156 2826 370 2869 gebracht“.

965 1802 999 1845 2,
1015 1807 1046 1844 4,
1063 1807 1094 1837 7.
1121 1803 1310 1837 literarum
1330 1823 1372 1827 -—
1392 1803 1518 1837 habita
1537 1814 1639 1846 cura,
1665 1813 1709 1837 ne

964 1850 1226 1884 interciderent.
1253 1849 1294 1882 In
1309 1849 1570 1893 eigentlichem
1579 1849 1706 1884 Sinne:

965 1896 1025 1937 21,
1047 1899 1079 1937 8,
1101 1899 1132 1930 9.
1173 1896 1275 1930 nullo
1294 1916 1339 1920 —
1357 1906 1451 1930 vano
1476 1896 1709 1931 intercidente

964 1943 1041 1977 telo.

1013 1989 1125 2023 clavis
1141 2009 1179 2014 —-
1192 1990 1312 2032 portis
1330 1988 1517 2034 imposuit]
1544 1999 1606 2030 „er
1625 1987 1708 2022 liess

965 2047 1009 2070 zu
1035 2035 1107 2070 den
1126 2035 1274 2070 Thfiren
1294 2035 1483 2069 Schh'issel
1504 2035 1707 2080 fertigen“;

964 2093 1115 2117 unserer
1139 2082 1390 2126 Anschauung
1421 2082 1557 2116 ebe-nso
1590 2082 1708 2116 fremd

964 2128 1033 2162 wie
1047 2131 1195 2173 portam
1216 2130 1346 2173 (muro)
1362 2130 1541 2172 imponere
1561 2128 1663 2170 34‚9‚
1675 2133 1706 2164 5.

1012 2179 1044 2210 9.
1083 2176 1272 2220 intentius]
1330 2175 1472 2218 „noch
1522 2175 1707 2219 eindring-

964 2222 1115 2264 licher“‚
1141 2222 1306 2257 namlich
1332 2222 1385 2256 als
1404 2225 1434 2264 ξ.
1457 2226 1475 2256 7
1496 2222 1566 2256 mit
1585 2232 1706 2256 cavere

965 2268 1029 2303 der
1043 2269 1165 2304 Senat.
1203 2270 1362 2303 intentus
1384 2269 1485 2303 steht
1504 2268 1631 2313 haufig
1645 2268 1706 2303 bei

963 2314 1148 2360 Begriffen
1171 2315 1234 2350 des
1258 2315 1444 2350 Wachens
1462 2315 1554 2350 fiber
1574 2316 1705 2349 etwas:

967 2373 997 2398 c.
1025 2365 1081 2405 28,
1114 2366 1134 2396 8
1161 2363 1343 2397 custodias
1376 2383 1417 2386 —
1450 2363 1626 2396 intentius
1650 2362 1705 2396 in-

965 2412 1122 2445 struunt.
1162 2420 1191 2444 e.
1225 2412 1280 2450 47,
1313 2412 1344 2443 9.
1390 2409 1522 2453 (duces)
1569 2419 1707 2452 parum

965 2456 1099 2491 intente
1123 2456 1314 2491 adservati.
1363 2454 1423 2497 25,
1444 2459 1499 2497 23,
1522 2459 1564 2489 13
1591 2456 1706 2489 inten—

965 2503 1038 2537 tius
1052 2503 1336 2545 custodiebatur;
1356 2503 1598 2537 intentissima
1617 2512 1707 2537 cura

964 2561 999 2584 u.
1027 2560 1059 2583 a.

1007 2596 1237 2641 praecavere]
1271 2596 1335 2630 das
1366 2595 1626 2639 Kompositum
1657 2594 1708 2628 ist

967 2642 1141 2686 gew'ahlt,
1169 2655 1229 2676 um
1255 2643 1326 2676 den
1345 2641 1485 2686 Begriff
1502 2642 1564 2676 des
1585 2652 1706 2676 carere

968 2692 999 2730 ἓ.
1021 2692 1039 2722 7
1066 2689 1161 2723 noch
1187 2701 1230 2722 zu
1256 2688 1429 2733 steigern.

1015 2744 1050 2769 c.
1083 2734 1142 2770 25.
1178 2739 1303 2769 1—10.
1372 2734 1581 2779 Ordnung
1631 2734 1708 2769 der

969 2781 1339 2816 tarentinischen
1370 2781 1704 2816 Verbaltnisse.

970 2827 1301 2873 Tempelweihe
1340 2828 1415 2864 des
1447 2827 1705 2864 Marcellus.

1733 1313 1752 1344 Φ

1729 1424 1778 1461 a:
