1926 3219
218 82 275 123 46
718 81 863 116 LIBER
888 81 1036 118 XXVII.
1087 81 1189 116 CAP.
1217 86 1272 116 25.

1617 102 1640 120 a.
1663 102 1691 121 u.
1711 96 1771 122 546.

220 192 261 230 et
298 188 512 242 plerisque
551 188 831 241 aequantibus
872 201 944 227 eos
984 185 1304 240 Campanorum
1343 202 1477 230 noxae
1509 202 1770 244 poenaeque.

221 250 392 287 senatus
426 246 666 288 consultum
698 245 742 284 in
769 244 1023 284 sententiam
1049 242 1117 284 Μ’.
1144 243 1257 284 Acili
1283 244 1442 288 factum
1470 250 1546 301 est,
1578 250 1626 288 ut
1651 248 1769 302 oppi-

219 304 319 345 dum
350 304 560 358 praesidio
594 301 894 354 custodiretur,
933 301 1238 355 Tarentinique
1271 316 1417 344 omnes
1448 305 1562 346 intra
1601 305 1771 347 moenia

219 363 553 412 continerentur,
590 373 656 400 res
689 360 858 414 integra
896 361 1048 413 postea
1085 359 1332 412 referretur,
1369 375 1463 402 cum
1499 363 1772 417 tranquillior

171 428 190 458 3
219 423 355 462 status
382 419 533 460 Italiae
567 420 690 458 esset.
741 420 783 458 et
814 417 864 458 de
889 416 946 458 M.
971 417 1094 458 Livio
1126 417 1343 471 praefecto
1377 419 1484 460 arcis
1511 419 1770 463 Tarentinae

215 478 327 519 haud
365 477 528 517 minore
566 476 795 517 certamine
836 478 977 517 actum
1016 479 1098 528 est,
1137 475 1233 516 aliis
1268 478 1440 517 senat-us
1473 479 1667 521 consulto
1698 494 1770 521 no-

214 535 409 576 tantibus
448 534 728 588 praefectum,
766 534 879 588 quod
918 535 1007 575 eius
1048 533 1242 575 socordia
1282 533 1515 575 Tarentum
1554 537 1770 590 proditum

167 603 188 632 4
215 593 329 635 hosti
363 595 493 646 esset,
532 592 627 634 aliis
659 592 850 646 praemia
889 592 1234 646 decernentibus,
1275 592 1387 646 quod
1424 606 1501 647 per
1541 594 1769 649 quinquen-

214 652 332 692 nium
366 665 506 692 arcem
537 653 703 692 tutatus
736 653 858 703 esset,
891 651 1158 704 maximeque
1191 650 1315 692 unius
1349 651 1437 692 eius
1471 665 1601 705 opera
1630 667 1769 707 recep-

168 719 187 748 5
214 712 305 751 tum
332 708 565 750 Tarentum
596 709 720 763 foret,
754 709 903 750 mediis
938 708 990 749 ad
1024 722 1234 762 censores,
1265 723 1353 750 non
1385 709 1438 750 ad
1471 713 1666 751 senatum
1697 725 1770 753 no-

214 767 375 809 tionem
408 767 458 809 de
492 782 541 810 eo
573 768 789 821 pertinere
821 766 1072 808 dicentibus.

1129 767 1246 808 cuius
1280 768 1515 809 sententiae
1542 771 1584 809 et
1608 768 1768 811 Fabius

212 826 312 879 fuit3
351 826 506 867 adiecit
542 828 688 866 tamen
726 825 852 866 fateri
891 838 935 865 se
975 839 1103 878 opera
1140 823 1236 866 Livi
1268 825 1500 867 Tarentum
1540 829 1768 881 receptum,

214 884 326 938 quod
360 885 485 926 amici
517 885 605 925 eius
637 884 768 937 vulgo
801 883 846 923 in
879 885 1030 923 senatu
1061 883 1312 925 iactassent:
1353 898 1488 938 neque
1522 886 1633 926 enim
1664 887 1768 927 reci-

213 942 419 996 piundum
452 942 601 995 fuisse,
631 942 715 983 nisi
748 941 954 982 amissum
986 940 1107 982 foret.

333 999 567 1042 Consulum
595 1000 702 1041 alter
728 999 772 1041 T.
795 999 1017 1048 Quinctius
1039 998 1263 1052 Crispinus
1290 999 1343 1040 ad
1369 1001 1610 1054 exercitum,
1643 1016 1767 1056 quem

214 1058 261 1107 Q.
287 1057 463 1099 Fulvius
490 1057 669 1100 Flaccus
702 1058 924 1111 habuerat,
957 1072 1051 1098 cum
1084 1056 1380 1111 supplemento
1412 1059 1456 1098 in
1481 1057 1674 1101 Lucanos
1702 1062 1768 1102 est

169 1125 185 1155 7
213 1116 442 1170 profectus.

504 1116 758 1158 Marcellum
797 1117 905 1157 aliae
944 1118 1070 1170 atque
1109 1115 1218 1157 aliae
1258 1116 1448 1157 obiectae
1487 1117 1629 1159 animo
1668 1118 1765 1159 reli-

209 1175 359 1229 giones
391 1175 607 1229 tenebant,
640 1176 684 1216 in
717 1175 883 1229 quibus,
915 1175 1039 1229 quod,
1073 1188 1167 1215 cum
1200 1173 1312 1215 bello
1340 1173 1506 1216 Gallico
1534 1175 1586 1216 ad
1611 1174 1765 1218 Clasti-

211 1233 328 1274 dium
362 1233 509 1274 aedem
541 1232 707 1275 Honori
739 1236 781 1274 et
813 1233 979 1275 Virtuti
1011 1233 1210 1287 vovisset,
1241 1232 1452 1274 dedicatio
1487 1233 1576 1274 eius
1609 1248 1633 1274 a
1664 1249 1767 1288 pon-

165 1301 184 1332 S
212 1291 399 1333 tificibus
444 1292 774 1346 impediebatur,
816 1291 928 1346 quod
966 1292 1188 1346 negabant
1232 1305 1361 1332 unam
1405 1291 1556 1333 cellam
1600 1293 1766 1334 duobus

208 1349 288 1391 diis
313 1352 426 1391 recte
454 1350 651 1404 dedicari,
685 1351 796 1405 quia,
830 1351 865 1392 si
898 1349 948 1391 de
982 1350 1097 1391 caelo
1130 1351 1247 1390 tacta
1281 1352 1354 1390 aut
1384 1348 1570 1404 prodigii
1603 1351 1764 1405 aliquid

206 1407 251 1448 in
290 1422 339 1449 ea
377 1408 537 1449 factum
577 1412 706 1462 esset,
747 1408 935 1450 difficilis
975 1408 1221 1462 procuratio
1254 1407 1383 1460 foret,
1423 1408 1536 1461 quod
1569 1409 1654 1450 utri
1687 1409 1764 1451 deo

255 1561 284 1591 1.
321 1558 562 1601 aequantibus
572 1557 642 1602 eos]
658 1557 850 1592 verkiirzte
859 1558 947 1592 Ver-

205 1603 415 1648 gleichung.
452 1615 481 1638 c.
505 1607 535 1645 1,
557 1607 587 1638 3.
615 1604 648 1645 9,
672 1608 727 1646 10,
747 1608 779 1638 3.
806 1604 946 1646 (Postu-

204 1651 329 1694 mium)
368 1671 412 1675 —
450 1651 536 1684 aliis
574 1651 683 1686 claris
720 1651 948 1694 facinoribus

206 1697 420 1741 aequabant.

252 1748 283 1778 2.
323 1744 364 1778 in
401 1744 628 1788 sententiam]
668 1743 831 1789 „gemass
865 1744 948 1779 dem

203 1790 402 1834 Antrage“.
459 1791 546 1824 Man
579 1793 677 1834 sagt:
718 1795 947 1826 senatuscon-

202 1837 337 1871 sultum
362 1838 481 1880 facere
506 1838 547 1872 in
565 1839 788 1880 sententiam,
814 1839 855 1872 in
873 1849 948 1872 sen-

203 1884 352 1918 tentiam
389 1885 522 1926 dicere,
559 1885 787 1928 respondere,
824 1885 948 1920 indem

202 1930 267 1964 der
303 1942 346 1964 zu
378 1930 551 1965 fassende
577 1931 768 1966 Beschluss
801 1931 855 1965 als
882 1931 947 1966 das

202 1976 280 2011 Ziel
307 1977 372 2011 der
397 1977 677 2022 Absffimmung,
712 1978 829 2021 Rede,
856 1979 946 2012 Ant-

202 2025 296 2058 wort
322 2024 516 2058 erscheint.

249 2071 351 2104 intra
387 2071 528 2105 moenia
563 2071 847 2116 continerentur]
887 2072 946 2106 die

202 2116 461 2161 Internierung
503 2117 568 2151 der
612 2128 751 2162 ganzen
789 2116 946 2163 Biirger-

202 2163 340 2206 schaft,
378 2164 432 2197 als
457 2163 675 2208 politischer
701 2164 944 2209 Gefangener,

201 2209 292 2244 wird
330 2209 426 2244 auch
462 2210 553 2245 iiber
587 2210 714 2255 Capua
752 2211 944 2256 verbangt.

201 2256 260 2297 26,
281 2260 337 2299 27,
360 2261 412 2291 12.

249 2308 280 2337 3.
319 2304 532 2338 notantibus
574 2324 620 2329 -—
657 2304 942 2349 decernentibus]

202 2349 284 2383 sind
309 2350 512 2394 Participia
538 2351 600 2385 des
620 2351 780 2394 Konats3
808 2352 943 2386 ebenso

200 2399 229 2437 ξ.
253 2400 283 2432 1.
310 2398 559 2440 aequantibus.

247 2444 342 2487 quod
364 2444 441 2478 eius
457 2444 638 2489 socordia]
660 2445 755 2479 nach
769 2444 944 2489 Polybius

201 2489 272 2524 soll
310 2490 356 2523 M.
397 2489 524 2525 Livius
562 2491 729 2526 Macatus
769 2491 944 2525 wahrend

201 2536 266 2570 der
303 2536 508 2571 Einnahme
546 2537 701 2572 Tarents
738 2538 944 2573 betrunken

200 2593 368 2627 gewesen
396 2583 483 2619 sein.

247 2633 279 2666 4.
319 2631 606 2676 decernentibus]
646 2632 741 2666 auch
773 2642 845 2666 von
881 2631 944 2666 der

200 2676 464 2722 Abstimmung
489 2676 672 2713 einzelner
692 2679 741 2713 ist
760 2679 945 2713 decernere

202 2739 243 2750 =
269 2724 411 2758 decerni
444 2725 529 2758 velle
567 2725 701 2769 h'aufig.
741 2725 800 2767 21,
823 2729 876 2768 10,
899 2729 942 2759 13

201 2770 285 2813 sagt
310 2769 369 2803 ein
396 2770 542 2805 Redner
567 2773 709 2806 tertiam
735 2772 943 2816 legationem

200 2835 242 2840 —
271 2816 418 2851 decerno
444 2833 486 2845 =
514 2817 574 2851 ich
601 2818 746 2854 stimme
773 2818 840 2853 fiir.

1068 1562 1099 1591 5.
1139 1556 1280 1601 mediis]
1337 1556 1418 1598 „die
1477 1556 1762 1602 Mittelpartei“;

1020 1604 1158 1638 medius
1189 1604 1228 1637 in
1258 1602 1510 1647 persbnlicher
1541 1603 1763 1649 Bedeutung

1021 1666 1065 1678 =
1080 1649 1332 1694 unparteiisch
1347 1649 1435 1684 oder
1449 1650 1603 1686 neutral.
1620 1649 1655 1693 2,
1670 1655 1726 1694 27,
1741 1656 1762 1686 3

1020 1697 1176 1731 medium
1200 1707 1235 1731 se
1259 1707 1378 1741 yerere
1402 1708 1436 1730 u.
1458 1707 1489 1731 ο.

1068 1744 1249 1778 notionem
1286 1743 1328 1777 cle
1365 1743 1419 1788 eo]
1458 1742 1541 1785 „die
1572 1743 1763 1779 Entschei-

1021 1790 1122 1835 dung
1159 1789 1399 1824 hinsichtlich
1437 1789 1598 1832 seiner“;
1637 1790 1763 1826 diesen

1019 1837 1214 1871 Ausdruck
1295 1837 1360 1870 der
1431 1836 1764 1881 Rechtsgelehrter.

1020 1883 1167 1918 wendet
1191 1882 1269 1918 Liv.
1295 1894 1364 1917 nur
1389 1882 1469 1917 hier
1494 1894 1550 1917 an.

1066 1941 1178 1975 neque
1217 1931 1311 1965 enim
1346 1930 1601 1974 recipiundum
1630 1931 1759 1976 fuisse]

1020 1976 1079 2011 ein
1124 1977 1178 2012 oft
1221 1976 1480 2011 wiederholtes
1517 1975 1758 2012 Scherzwort:

1020 2023 1092 2058 Cic.
1127 2023 1218 2058 Cato
1256 2023 1304 2057 M.
1333 2027 1365 2065 4,
1394 2027 1448 2057 11.
1488 2023 1605 2065 Certe,
1641 2024 1762 2069 inquit

1018 2071 1140 2105 ridens
1155 2071 1326 2113 (Fabius)
1336 2083 1349 2111 ;
1368 2081 1454 2104 nam
1474 2071 1548 2104 nisi
1567 2074 1607 2105 tu
1621 2072 1760 2106 amisis-

1019 2128 1083 2160 ses,
1109 2128 1298 2161 nunquam
1324 2118 1538 2161 recepissem.

1067 2168 1098 2198 7.
1139 2165 1293 2199 obiectae
1325 2164 1463 2208 animo]
1496 2163 1663 2207 „stiegen
1695 2174 1761 2198 vor

1019 2210 1136 2245 seiner
1175 2210 1280 2245 Seele
1319 2210 1424 2251 auf“;
1470 2209 1760 2245 bezeichnender

1017 2257 1300 2291 sinnbildlicher
1326 2256 1530 2291 Ausdruck.
1561 2255 1621 2299 25,
1650 2260 1703 2297 12,
1724 2260 1757 2291 2.

1016 2305 1142 2348 reliqio
1157 2324 1196 2328 -—
1214 2314 1309 2338 nova
1327 2303 1463 2337 obiecta
1482 2306 1540 2337 est.
1568 2302 1627 2346 21,
1648 2307 1704 2345 33,
1725 2307 1758 2339 3.

1017 2351 1152 2385 obiecta
1177 2361 1232 2385 res
1256 2351 1369 2385 oculis
1395 2350 1595 2393 animisque
1620 2361 1653 2383 u.
1676 2360 1709 2384 a.

1064 2398 1113 2432 ad
1147 2396 1381 2476 Clastidium]
1418 2397 1582 2440 gemeint
1618 2395 1667 2430 ist
1698 2395 1757 2431 die

1017 2444 1227 2488 Besiegung
1265 2444 1330 2478 der
1384 2442 1536 2477 nsubrer
1573 2443 1610 2476 in
1644 2441 1756 2477 Ober-

1016 2490 1147 2525 italien
1167 2492 1276 2534 (225),
1302 2490 1363 2525 bei
1382 2489 1543 2524 welcher
1561 2487 1757 2523 Marcellus

1017 2538 1134 2572 durch
1190 2538 1339 2582 Totung
1405 2536 1468 2571 des
1530 2534 1756 2570 feindlichen

1017 2584 1175 2619 Fiihrers
1201 2584 1455 2620 Viridomarus
1480 2582 1604 2627 sspolia
1634 2583 1756 2626 opima

1017 2632 1216 2666 erbeutete.

1066 2682 1167 2713 7-8.
1205 2679 1300 2722 quod
1325 2697 1368 2703 —
1395 2676 1488 2720 quod
1522 2695 1562 2699 —
1596 2675 1684 2718 quia
1709 2695 1754 2700 —

1016 2719 1126 2770 quod]
1152 2725 1217 2759 das
1238 2726 1333 2759 erste
1353 2723 1447 2768 quod
1466 2722 1514 2756 ist
1533 2721 1744 2766 explikativ3

1016 2772 1074 2806 die
1124 2771 1279 2816 fibrigen
1322 2768 1623 2815 Konjunktionen
1672 2768 1754 2803 sind

1014 2817 1155 2853 kausal.
