1926 3219
650 92 792 127 LIBER
819 92 964 128 XXVII.
1015 93 1115 128 CAP.
1147 97 1199 128 17.
1645 96 1702 137 33

146 114 176 133 a.
197 107 248 133 cn.
269 107 328 132 209.

151 201 222 256 pio
255 200 419 242 avidior
451 200 578 240 etiam
611 201 861 241 certaminis
894 202 998 253 erat,
1031 214 1126 242 cum
1159 215 1184 241 a
1213 215 1298 254 spe,
1331 216 1458 255 quam
1486 216 1704 245 successus

150 273 292 301 rerum
312 258 509 313 augebat,
535 261 626 299 tum
649 259 773 312 quod,
800 258 1047 313 priusquam
1074 259 1350 314 iungerentur
1376 259 1565 301 hostium
1592 276 1705 302 exer·

155 317 276 370 citus,
302 331 397 358 cum
423 330 507 357 uno
535 316 738 358 dimicare
765 316 867 358 duce
896 317 1177 372 exercituque,
1204 332 1330 371 quam
1352 317 1479 358 simul
1500 333 1593 359 cum
1615 321 1705 360 uni-

150 375 285 417 versis
311 375 510 416 malebat.
551 377 749 428 ceterum,
777 375 944 416 etiamsi
970 389 1065 416 cum
1096 376 1288 429 pluribus
1315 377 1475 430 pariter
1501 376 1704 418 dimican-

147 433 248 474 dum
270 432 392 486 foret,
419 436 510 474 arte
532 433 714 487 quadam
736 434 880 486 copias
903 435 1088 473 auxerat.
1121 448 1220 473 nam
1241 448 1336 474 cum
1357 434 1520 476 videret
1538 436 1704 477 nullum

143 505 240 532 csse
274 492 448 532 navium
480 506 616 545 usum,
649 491 747 544 quia
780 504 914 531 vacua
948 491 1084 530 omnis
1117 490 1352 544 Hispaniae
1385 506 1460 533 ora
1494 493 1704 536 classibus

147 548 320 591 Punicis
340 552 443 603 erat,
465 548 682 590 subductis
702 548 883 588 navibus
899 547 1140 588 Tarracone
1154 548 1320 589 navalis
1336 550 1476 591 socios
1491 553 1701 593 terrestri-

148 607 227 649 bus
248 608 381 662 copiis
403 607 577 649 addidit.
616 608 658 646 et
678 619 894 646 armorum
916 605 1095 646 adfatim
1116 608 1208 646 erat
1229 607 1329 659 (et)
1357 610 1574 661 captorum
1603 608 1702 651 Car-

146 666 322 721 thagine
350 668 392 707 et
418 679 524 718 quae
549 666 649 716 post
675 665 844 716 captam
866 676 958 704 eam
979 663 1139 704 fecerat
1158 666 1279 705 tanto
1301 666 1500 718 opificum
1522 681 1699 710 numero

147 724 325 766 incluso.
352 737 446 764 cum
466 722 519 762 iis
540 722 671 775 copiis
694 719 837 774 Scipio
858 722 969 762 veris
989 722 1201 776 principio
1224 723 1278 763 ab
1299 722 1541 766 Tarracone
1563 740 1703 780 egres-

147 796 218 823 sus
242 805 290 811 -—
320 781 405 821 iam
438 780 550 820 enim
583 782 625 820 et
657 778 829 820 Laelius
862 779 1048 821 redierat
1080 780 1132 821 ab
1166 780 1316 835 Roma,
1349 782 1440 822 sine
1473 797 1554 836 quo
1588 785 1698 826 nihil

146 839 321 881 maioris
353 839 414 879 rei
446 841 610 879 motum
642 837 816 879 volebat
851 861 898 866 —
930 839 1081 880 ducere
1115 838 1167 880 ad
1198 839 1367 881 hostem
1399 842 1554 895 pergit.
1622 858 1698 895 per

148 898 293 939 omnia
306 899 460 951 pacata
474 896 606 950 eunti,
624 897 671 937 ut
686 896 886 950 cuiusque
901 897 1049 950 populi
1064 897 1159 938 finis
1175 899 1390 952 transiret,
1410 902 1703 954 prosequenti-

145 956 225 997 bus
264 955 655 1009 excipientibusque
694 954 840 1009 300113,
880 954 1076 996 Indibilis
1110 958 1152 996 et
1184 955 1440 998 Mandonius
1480 972 1576 1000 cum
1616 960 1702 1001 suis

147 1014 282 1068 copiis
310 1015 596 1055 occurrerunt.
632 1012 830 1054 Indibilis
856 1027 934 1067 pro
960 1016 1140 1067 utroque
1167 1014 1346 1069 locutus,
1372 1016 1703 1072 haudquaquam

145 1072 250 1125 <ut>
277 1072 486 1113 barbarus
510 1071 664 1113 stolide
685 1071 918 1125 incauteve,
945 1072 1019 1112 sed
1039 1072 1183 1126 potius
1205 1087 1300 1114 cum
1321 1075 1574 1117 verecundia
1595 1076 1701 1130 <ac>

144 1131 359 1186 gravitate
402 1131 659 1184 propiorque
703 1130 923 1171 excusanti
967 1131 1264 1172 transitionem
1306 1135 1355 1174 ut
1398 1135 1699 1189 necessariam,

144 1204 272 1244 quam
311 1189 515 1244 glorianti
554 1203 647 1230 eam
684 1188 802 1229 velut
839 1188 1023 1242 primam
1062 1190 1330 1231 occasionem
1362 1194 1549 1245 raptam:
1589 1193 1697 1234 scire

144 1248 256 1289 enim
296 1262 339 1288 se
377 1247 628 1302 transfugae
664 1260 821 1287 nomen
860 1247 1096 1288 execrabile
1137 1248 1352 1290 veteribus
1394 1250 1538 1303 sociis,
1578 1251 1700 1293 novis

146 1308 391 1360 suspectum
425 1320 537 1358 esse3
567 1318 704 1358 neque
737 1319 833 1346 eum
865 1319 909 1346 se
941 1306 1250 1360 reprehendere
1276 1322 1438 1348 morem
1464 1308 1699 1363 hominum,

144 1365 180 1405 si
211 1366 354 1405 tamen
387 1377 542 1416 anceps
575 1362 720 1404 odium
754 1376 892 1417 causa,
924 1378 1009 1405 non
1040 1378 1198 1405 nomen
1229 1364 1371 1406 faciat.
1422 1367 1574 1408 merita
1602 1367 1699 1410 inde

140 1478 389 1521 schmelzen“;
416 1478 563 1522 h'aufige
590 1477 786 1522 Metapher
811 1488 884 1513 von

140 1524 297 1569 Dingen,
317 1524 376 1559 die
397 1535 461 1559 aus
481 1524 631 1568 Mangel
653 1534 700 1558 an
718 1524 883 1558 innerem

139 1570 231 1606 Halt
261 1571 339 1605 sich
368 1570 572 1616 gleichsam
600 1570 782 1605 aussosen:
809 1581 884 1606 cor-

134 1628 244 1662 pora,
268 1619 436 1660 membra,
461 1619 566 1660 vires,
590 1628 646 1652 res
670 1618 801 1661 fluunt.

188 1668 219 1698 5.
247 1676 270 1699 a
304 1665 379 1710 spe]
418 1664 591 1698 kausaler
627 1662 779 1699 Ablativ
815 1664 885 1698 mit

140 1711 392 1756 Prapositiom
419 1711 546 1756 haufig
558 1710 619 1745 bei
633 1710 711 1745 Liv.
739 1709 798 1755 26,
816 1714 846 1755 1,
862 1715 882 1745 3

138 1758 184 1793 ab
212 1759 280 1793 ira.

185 1805 435 1848 iungerentur]
477 1804 581 1848 „sich
613 1803 695 1838 mit
729 1804 881 1839 einan-

137 1850 216 1885 der
241 1851 488 1894 verbanden“;
514 1850 572 1885 die
594 1850 767 1895 passiven
792 1851 880 1886 For-

140 1907 225 1931 men
256 1897 467 1932 verwendet
498 1896 576 1931 Liv.
613 1896 805 1932 mehrfach
844 1897 883 1932 in

137 1943 367 1988 reziprokem
391 1944 519 1980 Sinne:
546 1943 606 1986 26,
627 1948 683 1988 37,
698 1948 728 1978 5.
755 1954 811 1979 res
837 1964 881 1969 -α

138 1991 299 2035 quadam
317 1992 391 2026 vice
406 1993 595 2035 pensatae:
618 2001 692 2035 erg.
715 1991 810 2025 inter
829 2001 880 2033 se;

140 2054 184 2065 =
200 2037 252 2071 sie
266 2036 408 2072 hielten
422 2037 500 2072 sich
514 2038 644 2072 unter
664 2037 883 2072 einander

139 2083 205 2118 das
232 2083 534 2128 Gleichgewicht.

188 2134 220 2165 6.
259 2131 413 2174 etiamsi]
447 2131 586 2175 „selbst
610 2130 669 2165 fiir
695 2131 765 2166 den
791 2131 881 2176 Fan,

138 2175 262 2219 dass“;
290 2189 330 2212 so
357 2177 453 2212 auch
478 2177 667 2212 si=falls
693 2188 722 2211 c.
752 2181 806 2221 16,
829 2181 881 2212 14.

137 2223 170 2258 si
189 2234 233 2258 ne
252 2223 397 2259 Fabius
412 2225 572 2269 quidem3
594 2224 670 2258 und
689 2225 780 2259 nisi:
800 2224 883 2259 falls

138 2268 251 2304 nicht.

188 2319 219 2350 7.
256 2317 428 2363 adfatim]

138 2361 307 2397 nischen:
334 2365 382 2399 ad
399 2365 507 2407 satim
527 2380 571 2393 =
591 2364 648 2399 bis
668 2377 731 2399 zur
751 2365 879 2399 Ermsi-

137 2408 258 2453 dung,
284 2421 346 2443 zur
371 2410 532 2455 Geniige.

187 2458 288 2490 tanto
327 2477 370 2481 —
415 2458 572 2503 incluso]
616 2458 797 2493 namlich:
838 2459 879 2492 in

134 2502 285 2545 publica
304 2503 463 2546 officina.
485 2504 544 2547 26,
564 2507 619 2546 51,
642 2508 674 2541 7.
699 2505 759 2549 29,
781 2509 836 2547 35,
857 2509 877 2540 8

137 2549 328 2591 opificibus
353 2569 397 2575 —
425 2551 588 2585 inclusis.

187 2596 219 2629 8.
262 2595 412 2631 Laelius
453 2597 610 2631 redierat
653 2598 698 2631 ab
741 2597 874 2644 Roma]

138 2639 230 2674 fiber
284 2642 342 2677 die
392 2643 567 2688 Sendung
615 2643 678 2678 des
728 2644 876 2679 Laelius

139 2686 212 2730 vgl.
240 2686 301 2730 26,
326 2691 382 2731 51,
409 2694 438 2724 1.
466 2710 509 2715 -—-
537 2690 644 2725 Seine
676 2690 877 2725 besondere

138 2733 411 2779 Anerkennung
466 2737 581 2772 durch
643 2737 766 2781 Scipio
816 2737 876 2781 26,

136 2782 195 2822 48,
223 2783 276 2815 14.
309 2781 448 2816 sibimet
471 2783 543 2826 ipsi
568 2785 736 2828 aequarit
767 2784 875 2829 (Lae-

137 2825 255 2871 Zimn).

211 2891 268 2918 Tit.
289 2891 355 2917 Liv.
376 2893 408 2918 B.
430 2894 470 2918 27.

479 2328 544 2352 aus
588 2317 672 2352 dem
709 2317 880 2353 Altlatei-

1003 1478 1130 1514 ducere
1180 1479 1228 1514 ad
1276 1480 1405 1515 hostem
1442 1482 1580 1527 peryit]
1635 1494 1699 1526 „er

956 1525 1196 1560 marschierte
1251 1527 1387 1571 gerade
1448 1539 1567 1572 gegen
1628 1530 1701 1564 den

956 1571 1107 1606 Feincw.
1129 1573 1256 1607 ducere
1271 1573 1366 1608 ohne
1383 1573 1520 1619 ObJ’ekt
1531 1576 1699 1620 (copias),

956 1618 1152 1653 Ausdruck
1190 1619 1254 1654 der
1290 1619 1607 1666 Militarsprache,
1652 1623 1700 1658 ist

957 1665 1041 1699 sehr
1070 1665 1198 1710 h'aufig
1225 1683 1268 1694 =
1294 1667 1559 1712 marschieren‚
1590 1669 1700 1704 meist

956 1710 1027 1746 mit
1062 1712 1217 1756 Angabe
1255 1712 1320 1747 des
1347 1714 1463 1749 Zieles
1491 1717 1578 1760 (ad).

1003 1762 1034 1793 9.
1062 1761 1102 1793 ut
1118 1779 1158 1783 —
1174 1760 1362 1805 transiret]
1383 1760 1614 1806 Konjunktiv
1634 1763 1699 1798 der

954 1804 1257 1850 Wiederholung,
1273 1806 1337 1841 der
1350 1818 1421 1842 von
1430 1807 1506 1843 Liv.
1517 1809 1563 1842 ab
1571 1809 1697 1856 hanfig

954 1851 1014 1886 bei
1054 1855 1112 1894 ut,
1158 1853 1240 1894 ubi,
1283 1864 1410 1897 quum,
1454 1855 1528 1889 und
1566 1857 1697 1891 verall-

954 1897 1240 1942 gemeinernden
1278 1900 1474 1935 Relativen
1507 1902 1546 1936 in
1583 1902 1697 1939 Prosa

955 1945 1150 1979 erscheint.

1003 1995 1059 2026 10.
1097 1992 1224 2027 stolide
1278 1993 1477 2039 incauteve]
1539 1994 1695 2042 „plump

956 2037 1045 2072 oder
1064 2038 1311 2074 unbedaoht“.
1342 2041 1495 2076 stolidus
1514 2041 1564 2076 ist
1583 2044 1694 2078 stetes

955 2083 1116 2119 Beiwort
1136 2085 1200 2120 der
1219 2086 1285 2120 auf
1300 2087 1388 2122 rohe
1408 2087 1518 2123 Kraft
1536 2090 1692 2124 trotzen-

955 2131 1027 2165 den
1058 2132 1262 2174 Barbaren;
1302 2133 1353 2167 sie
1390 2133 1534 2169 heissen
1570 2137 1696 2172 stolide

956 2178 1059 2221 laeti,
1101 2180 1228 2214 stolide
1264 2180 1414 2223 feroces,
1451 2182 1525 2216 und
1561 2184 1695 2218 stolida

954 2225 1110 2268 fiducia,
1137 2227 1269 2261 stolida
1294 2227 1550 2272 impudensque
1567 2233 1694 2272 postu-

956 2272 1044 2307 latio
1064 2285 1098 2306 u.
1113 2283 1144 2307 a.
1160 2273 1252 2307 wird.
1270 2273 1382 2308 ihnen
1395 2275 1694 2319 zugeschrieben.

993 2320 1216 2364 propiorque
1229 2321 1432 2366 excusanti]
1454 2322 1570 2357 naher
1590 2323 1693 2358 kom-

951 2366 1079 2408 mend,
1111 2366 1144 2400 d.
1176 2366 1213 2401 h.
1245 2367 1438 2402 ahnlicher
1469 2367 1589 2404 einem
1616 2370 1694 2405 sich

951 2412 1323 2458 entschuldigenden,
1363 2414 1496 2450 ebenso
1528 2415 1562 2458 2,
1584 2420 1639 2460 64,
1661 2422 1692 2452 6.

945 2461 1119 2502 paucitas
1156 2461 1288 2495 damno
1323 2462 1506 2496 sentiendo
1543 2464 1693 2507 propior

951 2509 1044 2540 erat:
1077 2524 1121 2535 =
1152 2507 1235 2541 liess
1265 2518 1329 2542 aus
1361 2507 1543 2552 grosserer
1574 2509 1692 2554 Nahe,

952 2551 984 2586 d.
1012 2553 1047 2586 h.
1076 2553 1219 2588 starker
1245 2554 1464 2598 empfinden.

995 2609 1072 2633 eam
1087 2620 1129 2625 —
1143 2601 1362 2636 occasionem
1381 2602 1539 2646 raptam]
1562 2603 1691 2645 „rasch

950 2645 1122 2688 ergriffen
1154 2659 1198 2680 zu
1229 2647 1367 2690 haben,
1402 2647 1472 2682 wie
1504 2648 1562 2683 die
1595 2650 1690 2684 erste

949 2691 1052 2726 beste
1085 2692 1362 2737 Gelegenheit“.
1414 2694 1465 2727 Zu
1494 2705 1620 2738 rapere
1647 2713 1690 2725 =

949 2737 1072 2783 hastig
1097 2739 1278 2783 ergreifen
1305 2751 1333 2774 c.
1362 2744 1417 2782 32,
1439 2744 1470 2775 6.
1497 2745 1625 2786 raptus
1645 2743 1690 2778 ab

949 2785 1036 2820 suis.
1081 2797 1110 2820 c.
1135 2789 1188 2829 19,
1212 2790 1241 2820 1.
1268 2788 1428 2830 pecunia
1460 2792 1570 2832 rapta
1595 2801 1628 2823 u.
1657 2800 1687 2823 a.

1001 2836 1051 2866 11.
1091 2834 1124 2868 si
1134 2833 1267 2878 tamen]
1281 2833 1507 2870 beschr'ankt
1518 2835 1588 2870 den
1601 2836 1691 2871 Sinn

1385 2896 1405 2927 3

1732 382 1752 411 G

1732 613 1749 643 7

1730 730 1749 759 8

1727 846 1746 876 9

1733 1021 1774 1051 10

1726 1197 1767 1226 11

1730 1372 1770 1402 12
