1926 3219
113 493 155 523 17
184 482 402 528 accidebat
443 501 590 540 sonus,
629 486 824 528 traducit.

107 958 150 989 19
176 958 335 996 rentur.

106 1129 154 1165 16

188 88 244 130 30
652 88 793 124 LIBER
819 89 967 124 XXVII.

1019 89 1119 125 CAP.
1149 94 1202 125 15.
1232 94 1284 125 16.
1589 113 1614 131 a.
1635 114 1663 132 u.
1684 107 1745 133 545.

187 196 259 250 qui
291 195 529 250 praefectus
562 199 688 237 antea
720 196 869 237 classis
901 196 1052 248 fuerat,
1083 195 1195 236 forte
1227 196 1294 237 illi
1325 197 1419 239 loco
1457 200 1741 255 praepositus,

187 256 415 309 postquam
449 255 593 310 quieta
619 254 763 294 omnia
795 254 905 294 circa
938 267 982 293 se
1014 252 1132 307 vidit,
1166 254 1270 294 alias
1303 256 1439 308 partis
1473 271 1521 299 eo
1554 259 1741 300 tumultu

118 318 160 348 16
187 327 436 366 personare,
471 315 518 353 ut
549 314 698 364 captae
731 311 850 352 urbis
883 311 1097 352 interdum
1131 312 1385 354 excitaretur
1416 315 1596 370 clamor,
1634 317 1741 358 veri-

184 374 272 425 tus,
308 386 361 412 ne
399 372 509 412 inter
547 370 862 410 cunctationem
901 384 1021 410 suam
1062 370 1210 411 consul
1243 370 1429 425 aliquam
1460 374 1547 414 vim
1580 377 1741 416 faceret

184 444 232 471 ac
265 430 389 483 signa
413 428 601 481 inferret,
633 428 890 481 praesidium
919 428 972 469 ad
999 442 1152 482 arcem,
1187 428 1298 470 unde
1325 430 1507 472 maxime
1532 434 1739 475 terribilis

886 486 1042 528 Fabius
1076 502 1171 529 cum
1204 490 1246 529 et
1279 501 1329 528 ex
1360 490 1566 542 temporis
1599 492 1739 546 spatio

182 548 224 587 et
256 560 305 586 ex
340 545 510 586 silentio
543 545 650 599 ipso,
682 545 806 599 quod,
838 545 910 586 ubi
944 546 1070 599 paulo
1105 549 1201 587 ante
1229 547 1480 600 strepebant
1506 549 1739 592 excitantes

180 607 464 657 vocantesque
497 603 550 644 ad
583 618 713 657 arma,
745 603 842 644 inde
874 604 996 645 nulla
1028 605 1247 646 accidebat
1279 619 1380 659 vox,
1414 605 1614 647 deductas
1647 622 1737 649 cus-

179 662 318 703 todias
353 662 578 716 sensisset,
615 662 717 704 ferri
749 663 886 703 scalas
920 663 972 703 ad
1007 677 1100 704 eam
1132 666 1299 717 partem
1333 665 1461 718 muri,
1500 679 1583 719 qua
1614 664 1741 706 Brut-

180 721 338 762 tiorum
384 721 602 762 cohortem
652 721 912 775 praesidium
962 722 1128 775 agitare
1179 722 1435 776 proditionis
1487 724 1739 766 conciliator

111 783 153 814 18
180 780 465 833 nuntiaverat,
496 780 625 820 iubet.
675 794 725 820 ea
756 780 942 833 primum
974 783 1124 833 captus
1158 784 1223 822 est
1255 796 1400 822 murus
1434 782 1736 824 adiuvantibus

177 838 566 892 recipientibusque
598 836 798 890 Bruttiis,
837 840 878 878 et
908 840 1202 879 transcensum
1227 840 1292 880 'in
1330 839 1478 882 urbem
1519 844 1601 895 est3
1640 841 1737 883 inde

179 899 221 937 et
252 911 459 950 proxuma
498 896 682 937 refracta
719 898 863 950 porta,
901 899 948 937 ut
987 896 1197 950 frequenti
1237 898 1408 953 agmine
1448 899 1574 954 signa
1611 899 1738 942 infer-

408 958 500 995 tum
544 955 728 996 clamore
774 955 943 995 sublato
989 955 1067 995 sub
1113 957 1254 997 ortum
1299 956 1432 998 ferme
1470 958 1575 998 lucis
1617 959 1735 1001 nullo

179 1014 306 1055 obvio
342 1016 508 1054 armato
540 1014 585 1055 in
615 1013 756 1055 forum
789 1013 1056 1067 perveniunt,
1089 1014 1311 1068 omnisque
1342 1015 1546 1070 undique,
1581 1018 1652 1070 qui
1685 1017 1737 1058 ad

177 1086 317 1113 arcem
349 1074 607 1127 portumque
639 1072 910 1127 pugnabant,
942 1072 985 1112 in
1019 1087 1063 1113 se
1096 1075 1409 1113 converterunt.

299 1130 516 1173 Proelium
554 1131 600 1171 in
638 1131 756 1171 aditu
787 1130 868 1171 fori
907 1131 1067 1172 maiore
1106 1131 1270 1184 impetu
1303 1145 1431 1186 quam
1465 1146 1736 1186 perseveran-

179 1189 241 1230 tia
268 1190 545 1231 commissum
573 1192 656 1231 est:
687 1203 775 1230 non
802 1189 959 1244 animo,
990 1204 1078 1231 non
1106 1190 1250 1244 armis,
1276 1205 1364 1232 non
1390 1192 1481 1230 arte
1506 1191 1620 1242 belli,
1650 1207 1737 1234 non

135 1250 155 1281 2
184 1248 331 1302 vigore
365 1263 413 1289 ac
446 1248 609 1289 viribus
642 1248 834 1302 corporis
867 1263 943 1302 par
975 1248 1170 1289 Romano
1204 1248 1464 1290 Tarentinus
1497 1252 1599 1291 erat.

1658 1250 1738 1305 igi-

176 1308 248 1347 tur
279 1306 378 1360 pilis
411 1309 580 1348 tantum
614 1307 832 1360 coniectis,
865 1307 982 1360 prius
1015 1321 1162 1360 paene,
1194 1322 1321 1361 quam
1348 1310 1624 1349 consererent
1649 1323 1736 1350 ma-

174 1379 267 1419 nus,
302 1368 427 1420 terga
459 1365 681 1419 dederunt,
714 1365 952 1420 dilapsique
983 1380 1059 1419 per
1090 1368 1194 1407 nota
1224 1367 1341 1407 urbis
1373 1366 1529 1408 itinera
1560 1367 1605 1408 in
1637 1382 1736 1409 suas
1774 1422 1777 1425 K

129 1426 150 1456 3
177 1424 495 1477 amicorumque
542 1424 701 1466 domos.

775 1424 856 1465 duo
902 1439 952 1465 ex
994 1425 1170 1466 ducibus
1216 1424 1324 1466 Nico
1371 1427 1411 1465 et
1455 1424 1734 1468 Democrates

174 1481 344 1523 fortiter
388 1486 631 1537 pugnantes
677 1482 883 1536 cecidere3
928 1483 1221 1536 Philemenus,
1267 1484 1338 1538 qni
1381 1483 1636 1537 proditionis
1682 1484 1736 1525 ad

174 1540 466 1582 Hannibalem
500 1544 647 1583 auctor
678 1541 830 1595 fuerat,
863 1556 958 1582 cum
991 1543 1124 1583 citato
1157 1556 1264 1596 equo
1292 1557 1342 1583 ex
1367 1542 1532 1596 proelio
1561 1544 1734 1584 avectus

126 1601 148 1632 4
175 1602 303 1654 esset,
352 1613 509 1641 vacuus
547 1600 676 1654 paulo
714 1603 815 1653 post
853 1614 984 1654 equus
1024 1615 1169 1641 errans
1208 1615 1284 1654 per
1330 1601 1477 1642 urbem
1523 1603 1734 1657 cognitus,

174 1672 326 1712 corpus
359 1672 572 1712 nusquam
605 1659 830 1699 inventum
863 1661 949 1700 est:
982 1659 1189 1701 creditum
1222 1659 1351 1715 vulgo
1386 1662 1450 1700 est
1481 1660 1525 1700 in
1556 1663 1733 1714 puteum

127 1718 146 1749 5
174 1719 368 1771 apertum
402 1732 452 1758 ex
487 1732 593 1772 equo
626 1718 944 1772 praecipitasse.

1009 1716 1316 1758 Carthalonem
1349 1721 1506 1770 autem,
1545 1719 1733 1772 praefec-

169 1777 261 1816 tum
300 1775 451 1817 Punici
489 1776 708 1830 praesidii,
755 1791 850 1817 cum
891 1776 1296 1818 commemoratione
1343 1777 1511 1830 paterni
1554 1777 1732 1832 hospitii

218 1907 271 1937 16.
323 1905 448 1946 captae
498 1903 601 1937 urbis
648 1904 798 1948 elamor]
856 1903 914 1938 ein

167 1949 334 1993 hitufiger
355 1949 565 1994 Vergleich,
591 1949 651 1983 bei
677 1950 760 1984 dem
777 1950 915 1995 jedoch

167 1996 247 2030 hier
262 1997 328 2030 das
339 1996 479 2031 Fehlen
494 1997 595 2031 einer
603 1997 914 2041 Vcrgleichungs-

165 2042 327 2087 partikel
359 2043 518 2078 auffallt.
551 2043 610 2085 25,
633 2047 686 2087 10,
710 2048 739 2077 1.
767 2045 913 2086 elamor,

165 2091 286 2133 qualis
329 2100 398 2124 esse
443 2091 485 2124 in
533 2094 641 2134 capta
685 2091 773 2125 urbe
815 2092 911 2126 solet.

165 2136 227 2179 24,
254 2140 309 2180 39,
336 2142 355 2171 6
387 2149 421 2171 u.
450 2148 482 2171 a.

211 2184 282 2217 vim
319 2184 467 2228 faceret]
505 2183 633 2227 „einen
669 2184 791 2219 Sturm
830 2195 910 2219 ver-

165 2230 317 2264 suchte“
329 2245 336 2272 3
344 2232 415 2264 vim
423 2232 553 2273 faeere,
562 2232 756 2273 admovere,
762 2243 811 2275 pa
818 2243 910 2274 rare,

163 2278 205 2319 fit
220 2278 275 2311 vis
292 2277 373 2311 sind
388 2278 566 2312 stchcnde
586 2278 804 2313 livianische
818 2278 909 2312 Aus-

166 2323 304 2357 dri‘icke
347 2325 407 2358 fiir
446 2324 716 2369 (bewaffneten)
755 2326 907 2370 Angriff.

213 2374 267 2405 17.
295 2371 498 2414 strepebant
517 2372 729 2417 excitantes]
757 2376 909 2416 strepere

163 2416 256 2450 wird
300 2418 410 2451 meist
453 2429 525 2452 von
568 2417 713 2463 Dingen
757 2422 906 2463 gesagt:

163 2465 286 2499 onmia
312 2468 487 2509 strepunt,
506 2466 609 2499 auris
627 2470 803 2510 strepunt,
822 2467 908 2500 urbs

162 2512 297 2555 strepit.

204 2559 434 2601 praesidium
477 2559 632 2604 ayttare]
682 2560 906 2604 ungewohn-

162 2604 280 2639 licher
307 2605 518 2647 Ausdruck,
552 2606 647 2640 doch
680 2607 762 2651 sagt
794 2606 908 2641 sehon

162 2651 332 2686 Plautus:
371 2653 570 2687 custodiam
608 2654 768 2697 ayitare3
807 2655 908 2687 sonst

162 2697 231 2732 wie
260 2709 289 2734 c,
317 2703 349 2740 8,
371 2703 425 2733 19.
453 2701 590 2734 aestiva
615 2711 727 2744 assere.

212 2749 265 2779 19.
292 2747 392 2779 nullo
407 2747 508 2781 obvio
522 2746 678 2792 armato]
701 2746 759 2781 die
771 2746 906 2781 Hinzu-

161 2791 304 2835 fi'igung
327 2792 426 2826 eines
446 2792 798 2828 Pradikatsnomens
825 2806 905 2828 zum

162 2838 231 2872 abl.
265 2838 373 2873 absol.
406 2839 471 2873 hat
506 2840 565 2874 bei
598 2839 675 2874 Liv.
709 2840 790 2875 eine
824 2842 907 2875 sehr

988 1903 1096 1938 weite
1128 1903 1398 1948 Ausdehnung:
1432 1915 1460 1938 c.
1494 1908 1551 1948 29,
1580 1907 1599 1938 7
1631 1905 1733 1939 nullo

989 1951 1098 1993 ferme
1123 1951 1225 1985 obvio
1245 1954 1394 1985 cornato.
1435 1961 1463 1984 c.
1485 1955 1541 1993 34,
1563 1955 1595 1986 3.
1615 1952 1730 1986 mode—

987 1998 1062 2031 rati
1074 2001 1106 2032 et
1116 1998 1293 2042 prudenti
1306 1998 1384 2031 viro
1393 1998 1564 2032 adiuncto
1574 1999 1730 2043 conlega.

986 2056 1019 2079 u.
1053 2055 1084 2078 a.
1118 2044 1192 2087 (bei
1222 2044 1347 2079 Cicero
1379 2055 1472 2088 ganz
1504 2044 1730 2089 vereinzelt).

1033 2101 1064 2126 c.
1081 2091 1140 2133 16,
1157 2096 1186 2125 1.
1214 2093 1333 2136 τιῗρονε
1347 2102 1390 2126 ae
1403 2092 1558 2137 viribus]
1579 2093 1730 2127 stamm-

986 2138 1074 2172 oder
1116 2138 1409 2172 sinnverwandte
1452 2139 1602 2173 Worter
1647 2149 1728 2173 ver-

986 2185 1116 2219 bindet
1140 2185 1218 2220 Liv.
1245 2197 1335 2229 geru
1361 2197 1404 2218 zu
1430 2185 1728 2220 alliterierenden

985 2232 1174 2266 Formeln:
1197 2235 1215 2273 ξ
1232 2236 1251 2265 9
1273 2233 1418 2266 dirutus
1432 2251 1477 2256 —
1491 2242 1534 2266 ac
1547 2233 1725 2266 disiectus.

985 2290 1013 2312 c.
1037 2283 1091 2320 18,
1107 2282 1137 2312 9.
1153 2290 1221 2323 per
1237 2279 1459 2322 praecipitia
1472 2282 1503 2312 et
1510 2283 1727 2323 praerupta.

983 2325 1042 2368 21,
1066 2329 1098 2367 4,
1123 2329 1154 2359 2.
1181 2325 1242 2368 23,
1263 2330 1319 2368 45,
1340 2330 1371 2359 3.
1398 2326 1469 2359 vim
1494 2327 1726 2370 viqoremque.

982 2371 1049 2415 25,
1070 2376 1132 2415 38,
1154 2376 1174 2406 8
1206 2373 1334 2407 vivunt
1358 2373 1561 2418 viyentque,
1594 2376 1728 2407 terrore

981 2430 1023 2454 ae
1048 2420 1205 2453 tumultu
1230 2431 1263 2455 u.
1292 2430 1323 2454 a.

1027 2470 1060 2500 4.
1086 2477 1223 2501 vacuus
1254 2466 1378 2511 equus]
1417 2466 1505 2509 „das
1535 2466 1724 2500 reiterloso

980 2512 1124 2548 Pseu-(1⁸⁶.
1151 2512 1212 2555 44,
1228 2517 1283 2555 26,
1299 2517 1330 2547 3.
1352 2514 1608 2557 prolapsorum
1627 2513 1722 2557 equi-

980 2563 1055 2594 tum
1080 2570 1213 2594 vacuos
1238 2581 1281 2585 —
1309 2571 1422 2605 equos.

1021 2607 1299 2652 praecipitasse]
1345 2618 1406 2650 „er
1451 2605 1503 2640 sei
1542 2605 1722 2650 hinabge-

979 2655 1134 2694 sttirzt“;
1173 2654 1289 2688 findet
1326 2653 1403 2687 sich
1435 2652 1647 2686 intransitiv
1684 2652 1723 2686 in

979 2700 1043 2735 der
1070 2705 1100 2735 1.
1126 2699 1278 2735 Dekade
1306 2700 1410 2742 oster,
1437 2698 1474 2733 in
1503 2699 1567 2733 der
1592 2703 1624 2733 3.
1651 2699 1722 2733 De-

979 2747 1074 2782 kade
1100 2747 1195 2782 noch
1223 2759 1251 2782 c.
1278 2751 1333 2789 40,
1354 2750 1384 2780 3.
1411 2758 1444 2779 u.
1473 2746 1532 2789 25,
1555 2749 1608 2788 11,
1630 2749 1660 2779 6.

1027 2798 1057 2829 5.
1085 2805 1164 2828 eum
1208 2793 1533 2828 commemoratione
1570 2793 1721 2836 paterni

977 2841 1140 2885 hospitii]
1177 2840 1275 2875 diese
1303 2839 1647 2874 Gastfreundschaft
1670 2839 1721 2873 ist
