1926 3219
147 211 197 248 43

221 100 278 142 74
718 99 860 134 LIBER
887 99 1033 134 XXVII.
1085 99 1186 134 CAP.
1214 104 1270 135 43.

337 207 456 247 Inter
518 206 622 246 haec
685 205 737 246 ab
800 203 1090 254 Hasdrubale,

1618 122 1644 140 a.
1664 123 1692 140 u.
1711 116 1773 142 547.

1151 209 1381 260 postquam
1442 222 1466 249 a
1526 208 1775 251 Placentiae

219 264 441 305 obsidione
475 263 694 315 abscessit,
726 264 928 316 quattuor
962 261 1075 303 Galli
1109 264 1291 317 equites,
1324 265 1405 306 duo
1436 265 1647 308 Numidae
1680 281 1775 309 cum

219 322 374 363 litteris
420 321 473 362 ad
511 320 800 361 Hannibalem
847 320 969 361 missi
1011 335 1106 362 cum
1144 334 1220 375 per
1258 322 1419 364 medios
1458 324 1601 367 hostes
1640 329 1775 368 totam

172 389 191 419 ‘2
220 382 351 421 ferme
389 378 701 432 longitudinem
739 377 892 420 Italiae
933 379 1093 420 emensi
1137 382 1296 433 essent,
1339 380 1439 421 dum
1475 381 1775 438 Metapontum

219 439 435 480 cedentem
469 436 756 478 Hannibalem
790 440 1035 491 sequuntur,
1080 438 1253 479 incertis
1284 438 1509 480 itineribus
1541 440 1774 484 Tarentum

219 496 349 537 delati
377 510 400 536 a
426 496 548 550 vagis
576 511 651 550 per
680 509 806 550 agros
836 495 1163 550 pabulatoribus
1185 495 1388 538 Romanis
1410 497 1463 537 ad
1484 497 1529 546 Q.
1551 497 1775 542 Claudium

173 564 192 594 3
220 557 545 609 propraetorem
595 554 870 596 deducuntur.

950 569 1045 596 eum
1096 555 1234 609 primo
1293 555 1465 596 incertis
1521 556 1775 611 inplicantes

218 613 453 668 responsis,
491 616 539 653 ut
578 616 716 655 metus
758 616 1073 655 tormentorum
1106 613 1303 655 admotus
1336 613 1461 654 fateri
1494 628 1595 655 vera
1627 618 1776 671 coegit,

218 672 478 713 edocuerunt
518 671 686 713 litteras
735 686 778 713 se
823 672 876 713 ab
916 671 1188 713 Hasdrubale
1234 672 1285 713 ad
1323 672 1610 714 Hannibalem
1653 673 1776 716 ferre.

170 739 191 769 4
219 744 313 771 cum
334 730 385 770 iis
412 730 568 771 litteris
600 731 710 771 sicut
736 734 857 772 erant
883 730 1063 784 signatis
1089 730 1134 771 L.
1154 730 1363 786 Verginio
1389 731 1562 773 tribuno
1589 732 1775 774 militum

173 798 193 829 5
221 788 398 829 ducendi
432 788 483 829 ad
516 787 745 830 Claudium
779 789 997 830 consulem
1028 789 1273 843 traduntur,
1313 790 1420 830 duae
1453 790 1578 831 simul
1610 793 1776 832 turmae

219 846 477 888 Samnitium
510 847 713 901 praesidii
745 861 875 888 causa
906 846 1074 888 missae.

1138 848 1209 902 qui
1242 848 1315 889 ubi
1348 848 1401 889 ad
1428 849 1652 890 'consulem
1685 864 1775 904 per-

217 908 440 958 venerunt,
466 906 720 958 litteraeque
746 905 881 947 lectae
908 919 983 959 per
1010 905 1287 960 interpretem
1314 909 1424 960 sunt,
1449 910 1491 947 et
1517 921 1567 948 ex
1593 908 1773 962 captivis

170 974 190 1005 6
217 964 508 1018 percunctatio
548 963 680 1016 facta,
718 966 810 1005 tum
844 963 1047 1006 Claudius
1086 978 1173 1005 non
1210 964 1252 1005 id
1285 967 1451 1018 tempus
1485 979 1577 1006 esse
1609 967 1669 1007 rei
1702 981 1774 1020 pu-

219 1023 353 1063 blicae
392 1024 530 1074 ratus,
570 1036 652 1076 quo
692 1023 881 1064 consiliis
925 1021 1153 1063 ordinariis
1186 1022 1431 1076 provinciae
1464 1037 1564 1064 suae
1597 1025 1775 1079 quisque

215 1081 371 1122 finibus
404 1094 480 1135 per
514 1081 725 1122 exercitus
760 1096 859 1123 suos
893 1095 989 1123 cum
1021 1080 1146 1122 hoste
1179 1081 1391 1122 destinato
1425 1081 1478 1122 ab
1513 1085 1662 1124 senatu
1689 1083 1775 1124 bel-

170 1149 188 1178 7
217 1140 303 1180 lum
336 1142 522 1194 gereret,
561 1139 803 1181 audendum
837 1155 884 1181 ac
923 1139 1169 1181 novandum
1207 1140 1368 1194 aliquid
1399 1140 1676 1194 inprovisum,
1713 1142 1775 1182 in·

217 1199 483 1252 opinantum,
511 1198 624 1252 quod
644 1202 841 1252 coeptum
867 1212 954 1241 non
981 1198 1191 1240 minorem
1218 1198 1329 1253 apud
1356 1198 1460 1240 civis
1487 1211 1613 1252 quam
1638 1199 1775 1241 hostis

261 1300 350 1336 c.43
366 1321 408 1326 -
425 1310 455 1336 c.
471 1300 530 1336 45.
551 1300 691 1336 Neros
708 1301 955 1348 Zuggegen

214 1347 483 1383 Hasdrubal.

263 1399 293 1429 1.
332 1406 355 1429 a
381 1415 424 1419 —
457 1395 642 1429 obsidione
667 1395 848 1441 abscessit]
878 1397 955 1432 abs—

214 1442 331 1476 cedere
375 1453 443 1476 nur
477 1442 675 1476 r'aumlich:
721 1453 750 1477 c.
778 1447 811 1487 4,
841 1448 868 1477 1.
909 1445 954 1478 ab

214 1488 436 1523 Hannibale.
493 1499 521 1523 c.
554 1492 610 1531 45,
639 1493 692 1522 11.
745 1490 789 1524 ab
827 1492 954 1534 siynis.

214 1547 244 1569 c.
266 1539 322 1578 47,
344 1539 375 1570 5.
420 1536 465 1569 ab
495 1536 712 1570 Hannibale.
758 1547 788 1570 c.
815 1541 872 1579 47,
902 1542 954 1572 11.

214 1594 234 1616 a
261 1584 367 1616 mari.
411 1592 440 1616 c.
469 1585 525 1624 50,
551 1587 583 1617 4.
611 1594 633 1616 a
659 1584 773 1617 curia.

262 1628 364 1663 Galli
374 1628 521 1673 equites]
539 1629 603 1663 der
618 1628 843 1664 Volksname
857 1630 956 1665 steht

214 1678 306 1710 statt
326 1676 389 1710 des
410 1676 531 1710 davon
551 1675 801 1720 abgeleiteten
818 1677 956 1722 Adjek-

213 1722 297 1757 tivs.
324 1722 384 1765 21,
412 1726 468 1764 53,
498 1726 550 1756 11.
580 1724 818 1767 speculatores
845 1724 955 1759 Galli.

218 1769 277 1810 21,
298 1773 355 1811 46,
382 1774 414 1803 5.
445 1769 570 1804 Gallos
595 1771 736 1814 equites.
766 1770 825 1814 28,
847 1775 902 1815 20,
927 1776 955 1807 1.

213 1817 427 1860 transfuyae
452 1818 552 1858 Afri.

260 1863 404 1908 emensi]
434 1862 758 1906 „durehmassen“;
786 1868 887 1909 c.48,
904 1869 958 1900 12.

213 1920 276 1944 zur
320 1910 578 1955 Bezeichnung
622 1911 846 1946 raumlicher
890 1912 958 1946 Be-

213 1967 372 2002 wegung
386 1959 488 1992 sonst
502 1957 737 1993 dichterisch.
753 1958 814 2001 26,
829 1962 885 2002 41,
904 1963 956 1995 16.

261 2007 292 2038 2.
337 2005 484 2039 incertis
521 2005 729 2050 itineribus]
771 2022 814 2034 =
852 2006 957 2041 nicht

212 2049 454 2085 hinreichend
494 2051 686 2086 bestimmt
723 2052 798 2086 und
842 2053 957 2088 daher

213 2109 293 2131 zum
314 2096 523 2132 Irreftihren
547 2098 730 2142 geeignet.
781 2099 856 2143 vgl.
884 2103 902 2141 ξ
924 2104 955 2135 3.

213 2145 359 2178 incertis
398 2146 588 2188 responsis.

260 2191 387 2236 delati]
416 2191 716 2236 „verschlagen“,
739 2192 864 2237 haufig
883 2203 955 2227 von

214 2237 375 2272 Schiffen
406 2237 466 2281 23,
491 2242 615 2281 10,11.
648 2250 773 2273 naz-em
796 2239 956 2285 Cyrenas

213 2285 342 2319 detulit
377 2288 580 2329 tempestas;
619 2296 704 2319 vom
749 2286 956 2331 Laudwege

214 2330 274 2372 44,
301 2335 357 2374 45,
385 2336 416 2366 9.
450 2333 540 2377 fuya
566 2333 683 2367 eodem
708 2333 829 2367 delati.

261 2382 292 2412 3.
321 2379 561 2423 implicantes]
602 2379 666 2413 das
692 2378 866 2422 Prasens,
894 2380 956 2415 ob-

214 2425 312 2459 wohl
343 2424 393 2458 im
419 2425 645 2470 Hauptsatze
676 2425 785 2460 keine
817 2426 956 2471 gleich-

213 2471 346 2516 zeitige
384 2472 587 2517 Handlung
623 2473 726 2517 folgt.
760 2472 819 2515 45,
851 2477 903 2515 10,
937 2479 956 2509 6

212 2522 382 2562 negantes
415 2539 458 2544 ——-
487 2520 737 2563 perpulerunt.
770 2539 814 2545 —-
846 2521 957 2564 inpli-

213 2576 310 2606 care,
348 2568 451 2600 sonst
489 2582 533 2595 =
571 2565 814 2610 verwiekeln‚
855 2568 955 2610 bello,

211 2613 332 2647 morbo
364 2625 398 2648 u.
426 2623 476 2655 εις
510 2613 590 2648 hier
622 2630 665 2642 =
699 2614 954 2656 „verwirren“

212 2659 247 2701 2,
279 2663 334 2702 21,
368 2663 400 2693 4.
451 2670 587 2695 errores
640 2661 823 2704 inplicant
872 2665 955 2696 tem-

206 2717 349 2749 porum.

258 2756 370 2787 metus
404 2757 659 2788 tormentorum
693 2755 875 2801 admotus]
912 2773 955 2784 =

212 2798 267 2833 als
300 2799 352 2833 sie
385 2800 453 2834 mit
478 2799 628 2835 Foltern
659 2801 697 2835 in
727 2801 865 2837 Furcht
894 2814 956 2847 ge-

212 2847 306 2880 setzt
344 2846 503 2880 wurden.
549 2848 733 2883 admovere
777 2854 956 2894 terrorem,

1030 1305 1160 1336 metum
1210 1302 1263 1336 oft
1309 1318 1352 1330 =
1397 1302 1478 1336 eine
1522 1302 1776 1348 Bestirchtung

1030 1349 1248 1394 nahelegen.
1298 1349 1357 1390 40,
1385 1353 1440 1391 55,
1462 1353 1493 1383 5.
1532 1360 1652 1393 parvo
1677 1353 1771 1385 metu

1031 1397 1184 1431 admoto.

1035 1479 1053 1486 ..
1075 1443 1214 1477 litteras
1250 1462 1289 1466 —
1320 1452 1356 1476 se
1392 1442 1501 1486 ferre]
1547 1442 1629 1486 „sie
1673 1442 1781 1478 scien·

1030 1488 1278 1534 Uberbringer
1328 1489 1426 1523 eines
1476 1487 1651 1524 Briefes“.
1704 1490 1770 1525 Die

1030 1536 1143 1570 Harte
1170 1536 1234 1571 der
1260 1535 1502 1580 Verbindung
1533 1536 1578 1570 ab
1604 1536 1697 1572 Has.
1725 1537 1775 1571 ad

1029 1583 1156 1616 Hann.
1174 1582 1265 1617 wird
1280 1583 1395 1617 durch
1415 1583 1479 1617 das
1495 1583 1775 1619 hinzutretende

1029 1630 1122 1671 ferre
1147 1629 1325 1674 gehoben.

1077 1681 1109 1710 4.
1135 1678 1229 1711 sicut
1255 1679 1357 1710 erant
1381 1675 1552 1722 signatis]
1587 1677 1681 1712 sicut
1713 1680 1773 1720 est,

1030 1727 1107 1757 erat
1160 1723 1390 1765 bezeichnet,
1445 1721 1524 1757 dass
1573 1734 1620 1757 an
1675 1724 1776 1759 einer

1032 1769 1149 1804 Sache
1193 1770 1300 1804 keine
1340 1769 1604 1814 Veranderung
1645 1781 1774 1816 vorge-

1029 1827 1203 1851 nommen
1229 1816 1370 1859 wurde;
1398 1816 1455 1851 die
1476 1816 1772 1863 Hineinziehung

1031 1863 1094 1898 des
1120 1864 1300 1908 Partizips
1331 1864 1488 1908 siynatis
1525 1864 1563 1898 in
1589 1863 1648 1899 die
1675 1864 1772 1899 Kon-

1032 1911 1217 1945 struktion
1250 1910 1336 1955 (vgl.
1365 1910 1425 1954 22,
1454 1915 1485 1954 1,
1514 1914 1567 1945 14.
1600 1911 1656 1945 his
1681 1913 1775 1946 sicut

1031 1961 1134 1992 erant
1153 1959 1358 1999 nuntiata,
1378 1958 1563 2002 expositis)
1591 1959 1684 1993 statt
1706 1959 1774 1993 sic-

1030 2008 1070 2038 ut
1099 2008 1203 2039 erant
1227 2006 1423 2050 siynatae,
1449 2003 1565 2039 findet
1597 2004 1675 2039 sich
1700 2004 1772 2039 nir-

1030 2052 1146 2096 gends
1172 2062 1238 2086 vor
1263 2051 1340 2086 Liv.

1078 2102 1108 2134 6.
1137 2100 1299 2133 consili-is
1318 2098 1533 2143 ordinariis]
1566 2098 1684 2141 „nach
1710 2098 1774 2133 der

1029 2144 1203 2180 fiblichen
1241 2145 1448 2180 Methode“.
1485 2145 1698 2180 ordinarius
1729 2162 1772 2174 =

1028 2203 1104 2226 was
1119 2192 1156 2226 in
1171 2192 1253 2227 dem
1269 2191 1673 2237 vorsohriftsm'assigen
1685 2193 1773 2227 ordo

1029 2239 1166 2283 erfolgt
1192 2240 1280 2274 oder
1305 2239 1522 2283 hei-gestellt
1546 2239 1607 2273 ist.
1640 2238 1700 2280 41,
1729 2242 1772 2274 18
1836 2248 1842 2253 ·

1033 2290 1088 2320 16.
1121 2287 1306 2321 ordinarii
1331 2286 1506 2327 consule83
1533 2285 1597 2319 das
1631 2286 1772 2330 Gegen-

1030 2333 1097 2367 teil
1123 2333 1182 2376 26,
1212 2336 1265 2376 18,
1290 2337 1321 2367 3.
1347 2333 1645 2367 extraordinaria
1671 2343 1770 2367 cura.

1077 2390 1154 2414 cum
1169 2380 1265 2414 hoste
1278 2379 1470 2424 destinato]
1495 2379 1561 2413 das
1575 2378 1773 2414 Verlassen

1032 2426 1096 2460 der
1120 2425 1275 2461 Provinz
1301 2427 1381 2470 galt
1410 2426 1522 2460 sehon
1548 2425 1690 2460 damals
1716 2426 1771 2460 als

1030 2473 1253 2517 ungeho'rig3
1301 2473 1396 2508 doch
1439 2473 1533 2507 nach
1576 2472 1659 2507 dem
1704 2472 1770 2507 Be·

1030 2520 1192 2555 schlusse
1219 2532 1248 2554 c.
1275 2523 1332 2564 38,
1358 2525 1389 2555 9.
1416 2519 1629 2554 erscheinen
1655 2518 1770 2554 Netos

1028 2566 1227 2602 Bedenken
1252 2567 1521 2611 unbegn'indet.

1077 2617 1107 2648 7.
1147 2614 1369 2659 novandum]
1395 2623 1528 2648 novare
1547 2611 1626 2647 hier
1651 2629 1695 2641 =
1715 2614 1770 2647 et-

1028 2671 1104 2696 was
1134 2671 1263 2703 neues,
1301 2661 1395 2696 noch
1430 2658 1535 2694 nicht
1560 2659 1768 2704 dagewese-

1028 2718 1093 2742 nes
1112 2708 1352 2749 vornehmen;
1373 2707 1448 2752 vgl.
1463 2706 1524 2748 44,
1538 2710 1571 2748 8,
1587 2710 1607 2741 3
1624 2717 1715 2751 quae
1729 2707 1770 2741 in

1028 2755 1104 2789 dies
1128 2755 1280 2797 fortuna
1304 2757 1461 2788 novaret.

1077 2802 1178 2845 apud
1228 2802 1318 2836 cii-es
1369 2812 1477 2845 quam
1526 2800 1655 2845 hostes]
1706 2799 1771 2834 der

1029 2847 1194 2892 Wegfall
1221 2847 1286 2882 der
1308 2847 1549 2892 Praposition,
1575 2846 1635 2881 die
1655 2847 1768 2889 sonst,
