<?xml version="1.0" encoding="UTF-8"?>
<!DOCTYPE html PUBLIC "-//W3C//DTD XHTML 1.0 Transitional//EN"
    "http://www.w3.org/TR/xhtml1/DTD/xhtml1-transitional.dtd">
<html xmlns="http://www.w3.org/1999/xhtml" xml:lang="en" lang="en">
 <head>
  <title>
</title>
<meta http-equiv="Content-Type" content="text/html;charset=utf-8" />
  <meta name='ocr-system' content='tesseract 3.04.00' />
  <meta name='ocr-capabilities' content='ocr_page ocr_carea ocr_par ocr_line ocrx_word'/>
</head>
<body>
  <div class='ocr_page' id='page_1' title='image "./aburbeconditalib27livyuoft_0078.png"; bbox 0 0 1926 3219; ppageno 0'>
   <div class='ocr_carea' id='block_1_1' title="bbox 203 88 1757 133">
    <p class='ocr_par' dir='ltr' id='par_1_1' title="bbox 203 88 1757 133">
     <span class='ocr_line' id='line_1_1' title="bbox 203 88 1757 133; baseline 0.005 -12"><span class='ocrx_word' id='word_1_1' title='bbox 203 91 258 133; x_wconf 79' lang='lat'>58</span> <span class='ocrx_word' id='word_1_2' title='bbox 702 89 841 124; x_wconf 84' lang='lat' dir='ltr'>LIBER</span> <span class='ocrx_word' id='word_1_3' title='bbox 869 89 1015 124; x_wconf 82' lang='lat' dir='ltr'>XXVII.</span> <span class='ocrx_word' id='word_1_4' title='bbox 1068 88 1169 123; x_wconf 82' lang='lat' dir='ltr'>CAP.</span> <span class='ocrx_word' id='word_1_5' title='bbox 1196 92 1251 123; x_wconf 85' lang='lat'>32.</span> <span class='ocrx_word' id='word_1_6' title='bbox 1598 109 1624 128; x_wconf 73' lang='lat' dir='ltr'>a.</span> <span class='ocrx_word' id='word_1_7' title='bbox 1644 110 1672 128; x_wconf 88' lang='lat' dir='ltr'>u.</span> <span class='ocrx_word' id='word_1_8' title='bbox 1692 102 1757 129; x_wconf 76' lang='lat'>546.</span> 
     </span>
    </p>
   </div>
   <div class='ocr_carea' id='block_1_2' title="bbox 157 196 1783 1832">
    <p class='ocr_par' dir='ltr' id='par_1_2' title="bbox 157 196 1783 1832">
     <span class='ocr_line' id='line_1_2' title="bbox 203 196 1756 253; baseline 0 -15"><span class='ocrx_word' id='word_1_9' title='bbox 203 198 387 253; x_wconf 87' lang='lat' dir='ltr'>ingressi</span> <span class='ocrx_word' id='word_1_10' title='bbox 426 199 542 250; x_wconf 87' lang='lat' dir='ltr'>sunt,</span> <span class='ocrx_word' id='word_1_11' title='bbox 579 196 825 251; x_wconf 91' lang='lat' dir='ltr'>populando</span> <span class='ocrx_word' id='word_1_12' title='bbox 859 196 1199 248; x_wconf 87' lang='lat' dir='ltr'>absumpserunt.</span> <span class='ocrx_word' id='word_1_13' title='bbox 1260 197 1433 249; x_wconf 88' lang='lat' dir='ltr'>postero</span> <span class='ocrx_word' id='word_1_14' title='bbox 1465 196 1532 238; x_wconf 91' lang='lat' dir='ltr'>die</span> <span class='ocrx_word' id='word_1_15' title='bbox 1566 197 1655 237; x_wconf 89' lang='lat' dir='ltr'>acie</span> <span class='ocrx_word' id='word_1_16' title='bbox 1693 197 1756 238; x_wconf 89' lang='lat' dir='ltr'>in-</span> 
     </span>
     <span class='ocr_line' id='line_1_3' title="bbox 204 252 1759 309; baseline -0.001 -12"><span class='ocrx_word' id='word_1_17' title='bbox 204 258 365 297; x_wconf 86' lang='lat' dir='ltr'>structa</span> <span class='ocrx_word' id='word_1_18' title='bbox 405 255 458 296; x_wconf 91' lang='lat' dir='ltr'>ad</span> <span class='ocrx_word' id='word_1_19' title='bbox 495 255 643 296; x_wconf 88' lang='lat' dir='ltr'>urbem</span> <span class='ocrx_word' id='word_1_20' title='bbox 683 255 952 294; x_wconf 88' lang='lat' dir='ltr'>accesserunt</span> <span class='ocrx_word' id='word_1_21' title='bbox 994 252 1242 305; x_wconf 80' lang='lat' dir='ltr'>praemissis</span> <span class='ocrx_word' id='word_1_22' title='bbox 1288 254 1519 307; x_wconf 86' lang='lat' dir='ltr'>equitibus,</span> <span class='ocrx_word' id='word_1_23' title='bbox 1565 254 1636 309; x_wconf 89' lang='lat' dir='ltr'>qui</span> <span class='ocrx_word' id='word_1_24' title='bbox 1682 255 1759 296; x_wconf 92' lang='lat' dir='ltr'>ob-</span> 
     </span>
     <span class='ocr_line' id='line_1_4' title="bbox 204 310 1757 369; baseline -0.001 -14"><span class='ocrx_word' id='word_1_25' title='bbox 204 313 431 369; x_wconf 82' lang='lat' dir='ltr'>equitando</span> <span class='ocrx_word' id='word_1_26' title='bbox 470 313 605 367; x_wconf 87' lang='lat' dir='ltr'>portis</span> <span class='ocrx_word' id='word_1_27' title='bbox 644 313 892 364; x_wconf 88' lang='lat' dir='ltr'>promptum</span> <span class='ocrx_word' id='word_1_28' title='bbox 938 310 991 351; x_wconf 87' lang='lat' dir='ltr'>ad</span> <span class='ocrx_word' id='word_1_29' title='bbox 1035 310 1304 351; x_wconf 78' lang='lat' dir='ltr'>excursiones</span> <span class='ocrx_word' id='word_1_30' title='bbox 1336 324 1468 365; x_wconf 86' lang='lat' dir='ltr'>genus</span> <span class='ocrx_word' id='word_1_31' title='bbox 1500 313 1757 354; x_wconf 77' lang='lat' dir='ltr'>lacesserent</span> 
     </span>
     <span class='ocr_line' id='line_1_5' title="bbox 158 367 1758 424; baseline 0.002 -14"><span class='ocrx_word' id='word_1_32' title='bbox 158 381 176 410; x_wconf 76' lang='lat'>2</span> <span class='ocrx_word' id='word_1_33' title='bbox 209 373 473 414; x_wconf 75' lang='lat' dir='ltr'>Aetolorum.</span> <span class='ocrx_word' id='word_1_34' title='bbox 531 369 792 424; x_wconf 78' lang='lat' dir='ltr'>ignorabant</span> <span class='ocrx_word' id='word_1_35' title='bbox 824 367 1062 422; x_wconf 85' lang='lat' dir='ltr'>Sulpicium</span> <span class='ocrx_word' id='word_1_36' title='bbox 1095 382 1190 410; x_wconf 89' lang='lat' dir='ltr'>cum</span> <span class='ocrx_word' id='word_1_37' title='bbox 1222 368 1461 422; x_wconf 90' lang='lat' dir='ltr'>quindecim</span> <span class='ocrx_word' id='word_1_38' title='bbox 1491 371 1671 412; x_wconf 82' lang='lat' dir='ltr'>navibus</span> <span class='ocrx_word' id='word_1_39' title='bbox 1704 371 1758 412; x_wconf 91' lang='lat' dir='ltr'>ab</span> 
     </span>
     <span class='ocr_line' id='line_1_6' title="bbox 204 427 1760 484; baseline -0.001 -12"><span class='ocrx_word' id='word_1_40' title='bbox 204 431 427 484; x_wconf 81' lang='lat' dir='ltr'>Naupacto</span> <span class='ocrx_word' id='word_1_41' title='bbox 461 428 666 483; x_wconf 86' lang='lat' dir='ltr'>Cyllenen</span> <span class='ocrx_word' id='word_1_42' title='bbox 696 427 914 469; x_wconf 87' lang='lat' dir='ltr'>traiecisse</span> <span class='ocrx_word' id='word_1_43' title='bbox 955 430 997 468; x_wconf 90' lang='lat' dir='ltr'>et</span> <span class='ocrx_word' id='word_1_44' title='bbox 1035 427 1239 481; x_wconf 83' lang='lat' dir='ltr'>expositis</span> <span class='ocrx_word' id='word_1_45' title='bbox 1278 427 1322 467; x_wconf 91' lang='lat' dir='ltr'>in</span> <span class='ocrx_word' id='word_1_46' title='bbox 1358 431 1518 468; x_wconf 88' lang='lat' dir='ltr'>terram</span> <span class='ocrx_word' id='word_1_47' title='bbox 1556 432 1760 484; x_wconf 88' lang='lat' dir='ltr'>quattuor</span> 
     </span>
     <span class='ocr_line' id='line_1_7' title="bbox 207 485 1760 541; baseline 0.001 -12"><span class='ocrx_word' id='word_1_48' title='bbox 207 489 380 530; x_wconf 86' lang='lat' dir='ltr'>milibus</span> <span class='ocrx_word' id='word_1_49' title='bbox 414 490 677 528; x_wconf 89' lang='lat' dir='ltr'>armatorum</span> <span class='ocrx_word' id='word_1_50' title='bbox 711 486 883 527; x_wconf 90' lang='lat' dir='ltr'>silentio</span> <span class='ocrx_word' id='word_1_51' title='bbox 915 485 1055 527; x_wconf 88' lang='lat' dir='ltr'>noctis</span> <span class='ocrx_word' id='word_1_52' title='bbox 1065 519 1075 539; x_wconf 82' lang='lat'>,</span> <span class='ocrx_word' id='word_1_53' title='bbox 1113 500 1166 526; x_wconf 92' lang='lat' dir='ltr'>ne</span> <span class='ocrx_word' id='word_1_54' title='bbox 1198 485 1388 539; x_wconf 87' lang='lat' dir='ltr'>conspici</span> <span class='ocrx_word' id='word_1_55' title='bbox 1420 499 1572 540; x_wconf 85' lang='lat' dir='ltr'>agmen</span> <span class='ocrx_word' id='word_1_56' title='bbox 1603 491 1760 541; x_wconf 89' lang='lat' dir='ltr'>posset,</span> 
     </span>
     <span class='ocr_line' id='line_1_8' title="bbox 158 544 1761 600; baseline 0.001 -14"><span class='ocrx_word' id='word_1_57' title='bbox 158 556 178 586; x_wconf 85' lang='lat'><strong>3</strong></span> <span class='ocrx_word' id='word_1_58' title='bbox 206 549 390 588; x_wconf 82' lang='lat' dir='ltr'>intrasse</span> <span class='ocrx_word' id='word_1_59' title='bbox 417 545 546 587; x_wconf 87' lang='lat' dir='ltr'>Elim.</span> <span class='ocrx_word' id='word_1_60' title='bbox 597 546 741 599; x_wconf 91' lang='lat' dir='ltr'>itaque</span> <span class='ocrx_word' id='word_1_61' title='bbox 768 544 987 600; x_wconf 83' lang='lat' dir='ltr'>inprovisa</span> <span class='ocrx_word' id='word_1_62' title='bbox 1013 559 1079 586; x_wconf 92' lang='lat' dir='ltr'>res</span> <span class='ocrx_word' id='word_1_63' title='bbox 1113 545 1332 599; x_wconf 88' lang='lat' dir='ltr'>ingentem</span> <span class='ocrx_word' id='word_1_64' title='bbox 1363 544 1510 585; x_wconf 88' lang='lat' dir='ltr'>iniecit</span> <span class='ocrx_word' id='word_1_65' title='bbox 1541 547 1761 599; x_wconf 88' lang='lat' dir='ltr'>terrorem,</span> 
     </span>
     <span class='ocr_line' id='line_1_9' title="bbox 206 602 1760 660; baseline -0.001 -13"><span class='ocrx_word' id='word_1_66' title='bbox 206 608 433 660; x_wconf 85' lang='lat' dir='ltr'>postquam</span> <span class='ocrx_word' id='word_1_67' title='bbox 472 605 585 646; x_wconf 89' lang='lat' dir='ltr'>inter</span> <span class='ocrx_word' id='word_1_68' title='bbox 623 603 802 645; x_wconf 89' lang='lat' dir='ltr'>Aetolos</span> <span class='ocrx_word' id='word_1_69' title='bbox 842 603 1046 657; x_wconf 89' lang='lat' dir='ltr'>Eliosque</span> <span class='ocrx_word' id='word_1_70' title='bbox 1084 602 1280 644; x_wconf 88' lang='lat' dir='ltr'>Romana</span> <span class='ocrx_word' id='word_1_71' title='bbox 1319 603 1443 658; x_wconf 90' lang='lat' dir='ltr'>signa</span> <span class='ocrx_word' id='word_1_72' title='bbox 1483 605 1610 657; x_wconf 89' lang='lat' dir='ltr'>atque</span> <span class='ocrx_word' id='word_1_73' title='bbox 1642 618 1760 646; x_wconf 85' lang='lat' dir='ltr'>arma</span> 
     </span>
     <span class='ocr_line' id='line_1_10' title="bbox 158 660 1762 719; baseline 0.001 -17"><span class='ocrx_word' id='word_1_74' title='bbox 158 671 180 702; x_wconf 88' lang='lat'>4</span> <span class='ocrx_word' id='word_1_75' title='bbox 207 677 458 719; x_wconf 81' lang='lat' dir='ltr'>cognovere.</span> <span class='ocrx_word' id='word_1_76' title='bbox 525 666 567 704; x_wconf 90' lang='lat' dir='ltr'>et</span> <span class='ocrx_word' id='word_1_77' title='bbox 604 663 742 717; x_wconf 88' lang='lat' dir='ltr'>primo</span> <span class='ocrx_word' id='word_1_78' title='bbox 782 662 969 716; x_wconf 90' lang='lat' dir='ltr'>recipere</span> <span class='ocrx_word' id='word_1_79' title='bbox 1009 676 1109 702; x_wconf 89' lang='lat' dir='ltr'>suos</span> <span class='ocrx_word' id='word_1_80' title='bbox 1148 662 1344 703; x_wconf 86' lang='lat' dir='ltr'>voluerat</span> <span class='ocrx_word' id='word_1_81' title='bbox 1386 675 1477 714; x_wconf 81' lang='lat' dir='ltr'>rex3</span> <span class='ocrx_word' id='word_1_82' title='bbox 1523 660 1620 702; x_wconf 90' lang='lat' dir='ltr'>dein</span> <span class='ocrx_word' id='word_1_83' title='bbox 1665 676 1762 703; x_wconf 90' lang='lat' dir='ltr'>con-</span> 
     </span>
     <span class='ocr_line' id='line_1_11' title="bbox 203 719 1759 775; baseline -0.001 -12"><span class='ocrx_word' id='word_1_84' title='bbox 203 727 342 763; x_wconf 87' lang='lat' dir='ltr'>tracto</span> <span class='ocrx_word' id='word_1_85' title='bbox 375 722 462 762; x_wconf 89' lang='lat' dir='ltr'>iam</span> <span class='ocrx_word' id='word_1_86' title='bbox 492 722 604 763; x_wconf 91' lang='lat' dir='ltr'>inter</span> <span class='ocrx_word' id='word_1_87' title='bbox 635 721 812 762; x_wconf 84' lang='lat' dir='ltr'>Aetolos</span> <span class='ocrx_word' id='word_1_88' title='bbox 845 725 888 761; x_wconf 88' lang='lat' dir='ltr'>et</span> <span class='ocrx_word' id='word_1_89' title='bbox 914 719 1071 761; x_wconf 87' lang='lat' dir='ltr'>Trallis</span> <span class='ocrx_word' id='word_1_90' title='bbox 1102 742 1150 748; x_wconf 91' lang='lat'>—</span> <span class='ocrx_word' id='word_1_91' title='bbox 1179 719 1422 774; x_wconf 76' lang='lat' dir='ltr'>Illyriorum</span> <span class='ocrx_word' id='word_1_92' title='bbox 1454 719 1497 760; x_wconf 91' lang='lat' dir='ltr'>id</span> <span class='ocrx_word' id='word_1_93' title='bbox 1529 722 1595 761; x_wconf 91' lang='lat' dir='ltr'>est</span> <span class='ocrx_word' id='word_1_94' title='bbox 1625 733 1759 775; x_wconf 89' lang='lat' dir='ltr'>genus</span> 
     </span>
     <span class='ocr_line' id='line_1_12' title="bbox 206 778 1762 834; baseline -0.002 -12"><span class='ocrx_word' id='word_1_95' title='bbox 206 805 260 810; x_wconf 89' lang='lat'><em>—</em></span> <span class='ocrx_word' id='word_1_96' title='bbox 295 781 528 823; x_wconf 82' lang='lat' dir='ltr'>certamine</span> <span class='ocrx_word' id='word_1_97' title='bbox 561 795 655 822; x_wconf 92' lang='lat' dir='ltr'>cum</span> <span class='ocrx_word' id='word_1_98' title='bbox 688 779 832 834; x_wconf 86' lang='lat' dir='ltr'>urgeri</span> <span class='ocrx_word' id='word_1_99' title='bbox 864 778 1028 819; x_wconf 85' lang='lat' dir='ltr'>videret</span> <span class='ocrx_word' id='word_1_100' title='bbox 1060 792 1178 832; x_wconf 86' lang='lat' dir='ltr'>suos,</span> <span class='ocrx_word' id='word_1_101' title='bbox 1217 783 1260 819; x_wconf 88' lang='lat' dir='ltr'>et</span> <span class='ocrx_word' id='word_1_102' title='bbox 1290 780 1382 833; x_wconf 90' lang='lat' dir='ltr'>ipse</span> <span class='ocrx_word' id='word_1_103' title='bbox 1414 793 1486 820; x_wconf 76' lang='lat' dir='ltr'>rex</span> <span class='ocrx_word' id='word_1_104' title='bbox 1519 793 1614 819; x_wconf 91' lang='lat' dir='ltr'>cum</span> <span class='ocrx_word' id='word_1_105' title='bbox 1647 778 1762 833; x_wconf 90' lang='lat' dir='ltr'>equi-</span> 
     </span>
     <span class='ocr_line' id='line_1_13' title="bbox 158 836 1761 891; baseline 0 -13"><span class='ocrx_word' id='word_1_106' title='bbox 158 848 177 878; x_wconf 83' lang='lat'>5</span> <span class='ocrx_word' id='word_1_107' title='bbox 204 843 298 881; x_wconf 86' lang='lat' dir='ltr'>tatu</span> <span class='ocrx_word' id='word_1_108' title='bbox 330 840 374 880; x_wconf 89' lang='lat' dir='ltr'>in</span> <span class='ocrx_word' id='word_1_109' title='bbox 407 839 626 881; x_wconf 89' lang='lat' dir='ltr'>cohortem</span> <span class='ocrx_word' id='word_1_110' title='bbox 653 838 893 880; x_wconf 83' lang='lat' dir='ltr'>Romanam</span> <span class='ocrx_word' id='word_1_111' title='bbox 924 836 1116 878; x_wconf 85' lang='lat' dir='ltr'>incurrit.</span> <span class='ocrx_word' id='word_1_112' title='bbox 1181 837 1239 878; x_wconf 88' lang='lat' dir='ltr'>ibi</span> <span class='ocrx_word' id='word_1_113' title='bbox 1273 851 1403 891; x_wconf 88' lang='lat' dir='ltr'>equus</span> <span class='ocrx_word' id='word_1_114' title='bbox 1436 837 1524 891; x_wconf 88' lang='lat' dir='ltr'>pilo</span> <span class='ocrx_word' id='word_1_115' title='bbox 1556 838 1761 878; x_wconf 87' lang='lat' dir='ltr'>traiectus</span> 
     </span>
     <span class='ocr_line' id='line_1_14' title="bbox 204 895 1762 952; baseline -0.002 -12"><span class='ocrx_word' id='word_1_116' title='bbox 204 913 299 940; x_wconf 91' lang='lat' dir='ltr'>cum</span> <span class='ocrx_word' id='word_1_117' title='bbox 345 898 596 952; x_wconf 88' lang='lat' dir='ltr'>prolapsum</span> <span class='ocrx_word' id='word_1_118' title='bbox 640 910 767 950; x_wconf 89' lang='lat' dir='ltr'>super</span> <span class='ocrx_word' id='word_1_119' title='bbox 812 898 940 949; x_wconf 87' lang='lat' dir='ltr'>caput</span> <span class='ocrx_word' id='word_1_120' title='bbox 984 908 1128 949; x_wconf 88' lang='lat' dir='ltr'>regem</span> <span class='ocrx_word' id='word_1_121' title='bbox 1173 895 1406 949; x_wconf 83' lang='lat' dir='ltr'>effudisset,</span> <span class='ocrx_word' id='word_1_122' title='bbox 1451 898 1572 937; x_wconf 79' lang='lat' dir='ltr'>atrox</span> <span class='ocrx_word' id='word_1_123' title='bbox 1617 910 1762 951; x_wconf 89' lang='lat' dir='ltr'>pugna</span> 
     </span>
     <span class='ocr_line' id='line_1_15' title="bbox 203 953 1760 1010; baseline -0.002 -12"><span class='ocrx_word' id='word_1_124' title='bbox 203 958 416 1010; x_wconf 85' lang='lat' dir='ltr'>utrimque</span> <span class='ocrx_word' id='word_1_125' title='bbox 456 969 634 997; x_wconf 87' lang='lat' dir='ltr'>accensa</span> <span class='ocrx_word' id='word_1_126' title='bbox 672 957 737 996; x_wconf 84' lang='lat' dir='ltr'>est</span> <span class='ocrx_word' id='word_1_127' title='bbox 777 956 819 994; x_wconf 88' lang='lat' dir='ltr'>et</span> <span class='ocrx_word' id='word_1_128' title='bbox 858 954 912 995; x_wconf 88' lang='lat' dir='ltr'>ab</span> <span class='ocrx_word' id='word_1_129' title='bbox 952 953 1159 994; x_wconf 88' lang='lat' dir='ltr'>Romanis</span> <span class='ocrx_word' id='word_1_130' title='bbox 1199 953 1361 1007; x_wconf 88' lang='lat' dir='ltr'>impetu</span> <span class='ocrx_word' id='word_1_131' title='bbox 1394 955 1438 994; x_wconf 91' lang='lat' dir='ltr'>in</span> <span class='ocrx_word' id='word_1_132' title='bbox 1470 968 1613 1009; x_wconf 85' lang='lat' dir='ltr'>regem</span> <span class='ocrx_word' id='word_1_133' title='bbox 1645 954 1760 996; x_wconf 85' lang='lat' dir='ltr'>facto</span> 
     </span>
     <span class='ocr_line' id='line_1_16' title="bbox 157 1011 1761 1070; baseline 0 -16"><span class='ocrx_word' id='word_1_134' title='bbox 157 1023 177 1054; x_wconf 84' lang='lat'><strong>6</strong></span> <span class='ocrx_word' id='word_1_135' title='bbox 205 1019 246 1057; x_wconf 87' lang='lat' dir='ltr'>et</span> <span class='ocrx_word' id='word_1_136' title='bbox 284 1014 610 1070; x_wconf 86' lang='lat' dir='ltr'>protegentibus</span> <span class='ocrx_word' id='word_1_137' title='bbox 649 1013 790 1068; x_wconf 89' lang='lat' dir='ltr'>regiis.</span> <span class='ocrx_word' id='word_1_138' title='bbox 859 1012 1040 1067; x_wconf 87' lang='lat' dir='ltr'>insignis</span> <span class='ocrx_word' id='word_1_139' title='bbox 1079 1015 1121 1053; x_wconf 89' lang='lat' dir='ltr'>et</span> <span class='ocrx_word' id='word_1_140' title='bbox 1158 1011 1293 1065; x_wconf 91' lang='lat' dir='ltr'>ipsius</span> <span class='ocrx_word' id='word_1_141' title='bbox 1338 1025 1483 1066; x_wconf 86' lang='lat' dir='ltr'>pugna</span> <span class='ocrx_word' id='word_1_142' title='bbox 1521 1013 1619 1066; x_wconf 89' lang='lat' dir='ltr'>fuit,</span> <span class='ocrx_word' id='word_1_143' title='bbox 1665 1027 1761 1054; x_wconf 89' lang='lat' dir='ltr'>cum</span> 
     </span>
     <span class='ocr_line' id='line_1_17' title="bbox 204 1070 1762 1128; baseline -0.001 -14"><span class='ocrx_word' id='word_1_144' title='bbox 204 1073 330 1128; x_wconf 88' lang='lat' dir='ltr'>pedes</span> <span class='ocrx_word' id='word_1_145' title='bbox 369 1074 482 1114; x_wconf 89' lang='lat' dir='ltr'>inter</span> <span class='ocrx_word' id='word_1_146' title='bbox 520 1072 684 1127; x_wconf 86' lang='lat' dir='ltr'>equites</span> <span class='ocrx_word' id='word_1_147' title='bbox 724 1073 896 1113; x_wconf 87' lang='lat' dir='ltr'>coactus</span> <span class='ocrx_word' id='word_1_148' title='bbox 935 1074 1047 1112; x_wconf 89' lang='lat' dir='ltr'>esset</span> <span class='ocrx_word' id='word_1_149' title='bbox 1085 1071 1292 1124; x_wconf 87' lang='lat' dir='ltr'>proelium</span> <span class='ocrx_word' id='word_1_150' title='bbox 1333 1071 1449 1113; x_wconf 90' lang='lat' dir='ltr'>inire.</span> <span class='ocrx_word' id='word_1_151' title='bbox 1513 1070 1627 1124; x_wconf 90' lang='lat' dir='ltr'>dein,</span> <span class='ocrx_word' id='word_1_152' title='bbox 1667 1086 1762 1112; x_wconf 89' lang='lat' dir='ltr'>cum</span> 
     </span>
     <span class='ocr_line' id='line_1_18' title="bbox 205 1129 1764 1186; baseline -0.003 -12"><span class='ocrx_word' id='word_1_153' title='bbox 205 1135 290 1174; x_wconf 88' lang='lat' dir='ltr'>iam</span> <span class='ocrx_word' id='word_1_154' title='bbox 328 1132 467 1186; x_wconf 90' lang='lat' dir='ltr'>impar</span> <span class='ocrx_word' id='word_1_155' title='bbox 509 1134 724 1172; x_wconf 76' lang='lat' dir='ltr'>certarnen</span> <span class='ocrx_word' id='word_1_156' title='bbox 763 1133 893 1183; x_wconf 88' lang='lat' dir='ltr'>esset,</span> <span class='ocrx_word' id='word_1_157' title='bbox 942 1129 1222 1184; x_wconf 87' lang='lat' dir='ltr'>caderentque</span> <span class='ocrx_word' id='word_1_158' title='bbox 1261 1130 1371 1170; x_wconf 89' lang='lat' dir='ltr'>circa</span> <span class='ocrx_word' id='word_1_159' title='bbox 1415 1143 1510 1170; x_wconf 91' lang='lat' dir='ltr'>eum</span> <span class='ocrx_word' id='word_1_160' title='bbox 1554 1129 1677 1171; x_wconf 89' lang='lat' dir='ltr'>multi</span> <span class='ocrx_word' id='word_1_161' title='bbox 1722 1133 1764 1170; x_wconf 90' lang='lat' dir='ltr'>et</span> 
     </span>
     <span class='ocr_line' id='line_1_19' title="bbox 160 1187 1760 1244; baseline -0.001 -14"><span class='ocrx_word' id='word_1_162' title='bbox 160 1199 178 1230; x_wconf 75' lang='lat'><strong>7</strong></span> <span class='ocrx_word' id='word_1_163' title='bbox 208 1192 545 1244; x_wconf 80' lang='lat' dir='ltr'>vulnerarentur,</span> <span class='ocrx_word' id='word_1_164' title='bbox 579 1192 728 1244; x_wconf 89' lang='lat' dir='ltr'>raptus</span> <span class='ocrx_word' id='word_1_165' title='bbox 762 1189 815 1230; x_wconf 89' lang='lat' dir='ltr'>ab</span> <span class='ocrx_word' id='word_1_166' title='bbox 849 1189 935 1230; x_wconf 90' lang='lat' dir='ltr'>suis</span> <span class='ocrx_word' id='word_1_167' title='bbox 970 1191 1096 1242; x_wconf 91' lang='lat' dir='ltr'>atque</span> <span class='ocrx_word' id='word_1_168' title='bbox 1130 1188 1251 1229; x_wconf 87' lang='lat' dir='ltr'>alteri</span> <span class='ocrx_word' id='word_1_169' title='bbox 1284 1202 1392 1242; x_wconf 89' lang='lat' dir='ltr'>equo</span> <span class='ocrx_word' id='word_1_170' title='bbox 1424 1188 1604 1229; x_wconf 89' lang='lat' dir='ltr'>iniectus</span> <span class='ocrx_word' id='word_1_171' title='bbox 1635 1187 1760 1242; x_wconf 80' lang='lat' dir='ltr'>fugit.</span> 
     </span>
     <span class='ocr_line' id='line_1_20' title="bbox 205 1246 1764 1302; baseline -0.003 -11"><span class='ocrx_word' id='word_1_172' title='bbox 205 1264 254 1291; x_wconf 89' lang='lat' dir='ltr'>eo</span> <span class='ocrx_word' id='word_1_173' title='bbox 288 1249 354 1290; x_wconf 85' lang='lat' dir='ltr'>die</span> <span class='ocrx_word' id='word_1_174' title='bbox 387 1251 529 1290; x_wconf 88' lang='lat' dir='ltr'>castra</span> <span class='ocrx_word' id='word_1_175' title='bbox 560 1249 746 1302; x_wconf 91' lang='lat' dir='ltr'>quinque</span> <span class='ocrx_word' id='word_1_176' title='bbox 778 1248 897 1288; x_wconf 89' lang='lat' dir='ltr'>milia</span> <span class='ocrx_word' id='word_1_177' title='bbox 929 1261 1135 1301; x_wconf 87' lang='lat' dir='ltr'>passuum</span> <span class='ocrx_word' id='word_1_178' title='bbox 1167 1247 1219 1288; x_wconf 87' lang='lat' dir='ltr'>ab</span> <span class='ocrx_word' id='word_1_179' title='bbox 1254 1247 1359 1288; x_wconf 90' lang='lat' dir='ltr'>urbe</span> <span class='ocrx_word' id='word_1_180' title='bbox 1384 1246 1580 1288; x_wconf 84' lang='lat' dir='ltr'>Eliorum</span> <span class='ocrx_word' id='word_1_181' title='bbox 1607 1246 1764 1300; x_wconf 88' lang='lat' dir='ltr'>posuit.</span> 
     </span>
     <span class='ocr_line' id='line_1_21' title="bbox 204 1305 1764 1363; baseline -0.003 -14"><span class='ocrx_word' id='word_1_182' title='bbox 204 1312 376 1363; x_wconf 88' lang='lat' dir='ltr'>postero</span> <span class='ocrx_word' id='word_1_183' title='bbox 405 1308 471 1348; x_wconf 89' lang='lat' dir='ltr'>die</span> <span class='ocrx_word' id='word_1_184' title='bbox 507 1307 646 1349; x_wconf 89' lang='lat' dir='ltr'>omnis</span> <span class='ocrx_word' id='word_1_185' title='bbox 674 1306 818 1361; x_wconf 87' lang='lat' dir='ltr'>copias</span> <span class='ocrx_word' id='word_1_186' title='bbox 846 1306 898 1347; x_wconf 90' lang='lat' dir='ltr'>ad</span> <span class='ocrx_word' id='word_1_187' title='bbox 924 1306 1212 1361; x_wconf 89' lang='lat' dir='ltr'>propinquum</span> <span class='ocrx_word' id='word_1_188' title='bbox 1238 1305 1433 1346; x_wconf 85' lang='lat' dir='ltr'>Eliorum</span> <span class='ocrx_word' id='word_1_189' title='bbox 1459 1305 1682 1346; x_wconf 89' lang='lat' dir='ltr'>castellum</span> <span class='ocrx_word' id='word_1_190' title='bbox 1708 1328 1764 1335; x_wconf 92' lang='lat'>—-</span> 
     </span>
     <span class='ocr_line' id='line_1_22' title="bbox 205 1364 1765 1422; baseline -0.003 -14"><span class='ocrx_word' id='word_1_191' title='bbox 205 1367 392 1422; x_wconf 80' lang='lat' dir='ltr'>Pyrgum</span> <span class='ocrx_word' id='word_1_192' title='bbox 430 1368 587 1408; x_wconf 79' lang='lat' dir='ltr'>vocant</span> <span class='ocrx_word' id='word_1_193' title='bbox 625 1390 680 1395; x_wconf 95' lang='lat'>—</span> <span class='ocrx_word' id='word_1_194' title='bbox 719 1365 880 1419; x_wconf 81' lang='lat' dir='ltr'>eduxit,</span> <span class='ocrx_word' id='word_1_195' title='bbox 919 1379 1000 1419; x_wconf 90' lang='lat' dir='ltr'>quo</span> <span class='ocrx_word' id='word_1_196' title='bbox 1041 1364 1276 1419; x_wconf 87' lang='lat' dir='ltr'>agrestium</span> <span class='ocrx_word' id='word_1_197' title='bbox 1319 1364 1637 1405; x_wconf 86' lang='lat' dir='ltr'>multitudinem</span> <span class='ocrx_word' id='word_1_198' title='bbox 1669 1377 1765 1405; x_wconf 92' lang='lat' dir='ltr'>cum</span> 
     </span>
     <span class='ocr_line' id='line_1_23' title="bbox 158 1422 1783 1480; baseline -0.001 -16"><span class='ocrx_word' id='word_1_199' title='bbox 158 1433 178 1464; x_wconf 85' lang='grc'>8</span> <span class='ocrx_word' id='word_1_200' title='bbox 206 1425 430 1480; x_wconf 89' lang='lat' dir='ltr'>pecoribus</span> <span class='ocrx_word' id='word_1_201' title='bbox 468 1428 584 1466; x_wconf 90' lang='lat' dir='ltr'>metu</span> <span class='ocrx_word' id='word_1_202' title='bbox 621 1424 950 1479; x_wconf 85' lang='lat' dir='ltr'>populationum</span> <span class='ocrx_word' id='word_1_203' title='bbox 990 1423 1255 1476; x_wconf 85' lang='lat' dir='ltr'>compulsam</span> <span class='ocrx_word' id='word_1_204' title='bbox 1294 1423 1496 1463; x_wconf 87' lang='lat' dir='ltr'>audierat.</span> <span class='ocrx_word' id='word_1_205' title='bbox 1567 1437 1661 1463; x_wconf 90' lang='lat' dir='ltr'>eam</span> <span class='ocrx_word' id='word_1_206' title='bbox 1705 1422 1783 1462; x_wconf 63' lang='lat' dir='ltr'>in-&gt;</span> 
     </span>
     <span class='ocr_line' id='line_1_24' title="bbox 207 1479 1761 1537; baseline -0.003 -12"><span class='ocrx_word' id='word_1_207' title='bbox 207 1484 423 1526; x_wconf 87' lang='lat' dir='ltr'>conditam</span> <span class='ocrx_word' id='word_1_208' title='bbox 462 1484 749 1537; x_wconf 90' lang='lat' dir='ltr'>inermemque</span> <span class='ocrx_word' id='word_1_209' title='bbox 788 1482 1110 1523; x_wconf 88' lang='lat' dir='ltr'>multitudinem</span> <span class='ocrx_word' id='word_1_210' title='bbox 1148 1481 1285 1535; x_wconf 90' lang='lat' dir='ltr'>primo</span> <span class='ocrx_word' id='word_1_211' title='bbox 1319 1482 1465 1522; x_wconf 86' lang='lat' dir='ltr'>statim</span> <span class='ocrx_word' id='word_1_212' title='bbox 1498 1484 1659 1522; x_wconf 88' lang='lat' dir='ltr'>terrore</span> <span class='ocrx_word' id='word_1_213' title='bbox 1693 1479 1761 1521; x_wconf 90' lang='lat' dir='ltr'>ad-</span> 
     </span>
     <span class='ocr_line' id='line_1_25' title="bbox 206 1539 1761 1595; baseline -0.003 -11"><span class='ocrx_word' id='word_1_214' title='bbox 206 1543 379 1584; x_wconf 77' lang='lat' dir='ltr'>veniens</span> <span class='ocrx_word' id='word_1_215' title='bbox 419 1542 549 1595; x_wconf 70' lang='lat' dir='ltr'>cepit,</span> <span class='ocrx_word' id='word_1_216' title='bbox 590 1544 1024 1594; x_wconf 82' lang='lat' dir='ltr'>compensaveratque</span> <span class='ocrx_word' id='word_1_217' title='bbox 1064 1554 1113 1581; x_wconf 92' lang='lat' dir='ltr'>ea</span> <span class='ocrx_word' id='word_1_218' title='bbox 1151 1539 1309 1594; x_wconf 88' lang='lat' dir='ltr'>praeda</span> <span class='ocrx_word' id='word_1_219' title='bbox 1349 1539 1461 1594; x_wconf 88' lang='lat' dir='ltr'>quod</span> <span class='ocrx_word' id='word_1_220' title='bbox 1502 1539 1761 1594; x_wconf 85' lang='lat' dir='ltr'>ignominiae</span> 
     </span>
     <span class='ocr_line' id='line_1_26' title="bbox 164 1598 1765 1654; baseline -0.001 -15"><span class='ocrx_word' id='word_1_221' title='bbox 164 1609 183 1639; x_wconf 86' lang='lat'>9</span> <span class='ocrx_word' id='word_1_222' title='bbox 212 1601 264 1653; x_wconf 74' lang='lat' dir='ltr'>ad</span> <span class='ocrx_word' id='word_1_223' title='bbox 295 1601 409 1642; x_wconf 86' lang='lat' dir='ltr'>Elim</span> <span class='ocrx_word' id='word_1_224' title='bbox 449 1603 671 1654; x_wconf 88' lang='lat' dir='ltr'>acceptum</span> <span class='ocrx_word' id='word_1_225' title='bbox 708 1599 860 1641; x_wconf 89' lang='lat' dir='ltr'>fuerat.</span> <span class='ocrx_word' id='word_1_226' title='bbox 923 1598 1128 1640; x_wconf 80' lang='lat' dir='ltr'>dividenti</span> <span class='ocrx_word' id='word_1_227' title='bbox 1166 1598 1369 1652; x_wconf 87' lang='lat' dir='ltr'>praedam</span> <span class='ocrx_word' id='word_1_228' title='bbox 1402 1598 1676 1653; x_wconf 88' lang='lat' dir='ltr'>captivosque</span> <span class='ocrx_word' id='word_1_229' title='bbox 1707 1621 1765 1627; x_wconf 94' lang='lat'>—</span> 
     </span>
     <span class='ocr_line' id='line_1_27' title="bbox 208 1656 1764 1713; baseline -0.003 -12"><span class='ocrx_word' id='word_1_230' title='bbox 208 1660 325 1701; x_wconf 88' lang='lat' dir='ltr'>fuere</span> <span class='ocrx_word' id='word_1_231' title='bbox 358 1662 501 1700; x_wconf 91' lang='lat' dir='ltr'>autem</span> <span class='ocrx_word' id='word_1_232' title='bbox 528 1661 730 1713; x_wconf 86' lang='lat' dir='ltr'>quattuor</span> <span class='ocrx_word' id='word_1_233' title='bbox 756 1658 877 1699; x_wconf 88' lang='lat' dir='ltr'>milia</span> <span class='ocrx_word' id='word_1_234' title='bbox 903 1657 1135 1711; x_wconf 86' lang='lat' dir='ltr'>hominum,</span> <span class='ocrx_word' id='word_1_235' title='bbox 1167 1671 1450 1711; x_wconf 88' lang='lat' dir='ltr'>pecorumque</span> <span class='ocrx_word' id='word_1_236' title='bbox 1476 1656 1615 1698; x_wconf 89' lang='lat' dir='ltr'>omnis</span> <span class='ocrx_word' id='word_1_237' title='bbox 1642 1670 1764 1712; x_wconf 84' lang='lat' dir='ltr'>gene-</span> 
     </span>
     <span class='ocr_line' id='line_1_28' title="bbox 208 1715 1765 1773; baseline -0.003 -14"><span class='ocrx_word' id='word_1_238' title='bbox 208 1718 266 1759; x_wconf 90' lang='lat' dir='ltr'>ris</span> <span class='ocrx_word' id='word_1_239' title='bbox 307 1719 358 1759; x_wconf 91' lang='lat' dir='ltr'>ad</span> <span class='ocrx_word' id='word_1_240' title='bbox 396 1718 553 1773; x_wconf 84' lang='lat' dir='ltr'>viginti</span> <span class='ocrx_word' id='word_1_241' title='bbox 590 1717 710 1758; x_wconf 89' lang='lat' dir='ltr'>milia</span> <span class='ocrx_word' id='word_1_242' title='bbox 741 1741 798 1748; x_wconf 88' lang='lat'>——</span> <span class='ocrx_word' id='word_1_243' title='bbox 829 1716 1005 1758; x_wconf 92' lang='lat' dir='ltr'>nuntius</span> <span class='ocrx_word' id='word_1_244' title='bbox 1045 1730 1095 1757; x_wconf 84' lang='lat' dir='ltr'>ex</span> <span class='ocrx_word' id='word_1_245' title='bbox 1135 1715 1387 1757; x_wconf 82' lang='lat' dir='ltr'>Macedonia</span> <span class='ocrx_word' id='word_1_246' title='bbox 1423 1715 1540 1756; x_wconf 84' lang='lat' dir='ltr'>venit</span> <span class='ocrx_word' id='word_1_247' title='bbox 1573 1715 1765 1770; x_wconf 88' lang='lat' dir='ltr'>Eropum</span> 
     </span>
     <span class='ocr_line' id='line_1_29' title="bbox 209 1773 1765 1832; baseline -0.003 -14"><span class='ocrx_word' id='word_1_248' title='bbox 209 1777 420 1832; x_wconf 89' lang='lat' dir='ltr'>quendam</span> <span class='ocrx_word' id='word_1_249' title='bbox 460 1779 660 1830; x_wconf 87' lang='lat' dir='ltr'>corrupto</span> <span class='ocrx_word' id='word_1_250' title='bbox 702 1776 809 1817; x_wconf 90' lang='lat' dir='ltr'>arcis</span> <span class='ocrx_word' id='word_1_251' title='bbox 842 1775 1127 1830; x_wconf 85' lang='lat' dir='ltr'>praesidiique</span> <span class='ocrx_word' id='word_1_252' title='bbox 1159 1773 1374 1829; x_wconf 88' lang='lat' dir='ltr'>praefecto</span> <span class='ocrx_word' id='word_1_253' title='bbox 1406 1773 1672 1828; x_wconf 81' lang='lat' dir='ltr'>Lychnidum</span> <span class='ocrx_word' id='word_1_254' title='bbox 1705 1787 1765 1815; x_wconf 89' lang='lat' dir='ltr'>ce-</span> 
     </span>
    </p>
   </div>
   <div class='ocr_carea' id='block_1_3' title="bbox 206 1903 953 2089">
    <p class='ocr_par' dir='ltr' id='par_1_3' title="bbox 206 1903 953 2089">
     <span class='ocr_line' id='line_1_30' title="bbox 255 1903 951 1948; baseline -0.003 -9"><span class='ocrx_word' id='word_1_255' title='bbox 255 1913 290 1939; x_wconf 86' lang='lat' dir='ltr'>c.</span> <span class='ocrx_word' id='word_1_256' title='bbox 313 1903 371 1946; x_wconf 82' lang='lat'>32,</span> <span class='ocrx_word' id='word_1_257' title='bbox 396 1907 426 1940; x_wconf 88' lang='lat'>1.</span> <span class='ocrx_word' id='word_1_258' title='bbox 462 1903 687 1948; x_wconf 79' lang='lat' dir='ltr'>lacesserent]</span> <span class='ocrx_word' id='word_1_259' title='bbox 709 1913 784 1947; x_wconf 86' lang='lat' dir='ltr'>erg.</span> <span class='ocrx_word' id='word_1_260' title='bbox 800 1903 951 1947; x_wconf 78' lang='lat' dir='ltr'>proelio.</span> 
     </span>
     <span class='ocr_line' id='line_1_31' title="bbox 208 1950 952 1996; baseline -0.003 -11"><span class='ocrx_word' id='word_1_261' title='bbox 208 1951 286 1986; x_wconf 84' lang='lat' dir='ltr'>Liv.</span> <span class='ocrx_word' id='word_1_262' title='bbox 328 1952 412 1996; x_wconf 84' lang='lat' dir='ltr'>sagt</span> <span class='ocrx_word' id='word_1_263' title='bbox 456 1950 643 1985; x_wconf 87' lang='lat' dir='ltr'>entweder</span> <span class='ocrx_word' id='word_1_264' title='bbox 686 1950 734 1985; x_wconf 84' lang='lat' dir='ltr'>ad</span> <span class='ocrx_word' id='word_1_265' title='bbox 775 1950 952 1994; x_wconf 76' lang='lat' dir='ltr'>proelium</span> 
     </span>
     <span class='ocr_line' id='line_1_32' title="bbox 208 1996 953 2042; baseline -0.004 -9"><span class='ocrx_word' id='word_1_266' title='bbox 208 1998 297 2033; x_wconf 87' lang='lat' dir='ltr'>oder</span> <span class='ocrx_word' id='word_1_267' title='bbox 337 1998 474 2042; x_wconf 82' lang='lat' dir='ltr'>proelio</span> <span class='ocrx_word' id='word_1_268' title='bbox 518 1998 700 2039; x_wconf 76' lang='lat' dir='ltr'>lacessere3</span> <span class='ocrx_word' id='word_1_269' title='bbox 752 1996 953 2032; x_wconf 81' lang='lat' dir='ltr'>vereinzelt</span> 
     </span>
     <span class='ocr_line' id='line_1_33' title="bbox 206 2045 586 2089; baseline 0 -10"><span class='ocrx_word' id='word_1_270' title='bbox 206 2045 381 2089; x_wconf 80' lang='lat' dir='ltr'>proelium</span> <span class='ocrx_word' id='word_1_271' title='bbox 408 2045 586 2080; x_wconf 82' lang='lat' dir='ltr'>lacessere.</span> 
     </span>
    </p>
   </div>
   <div class='ocr_carea' id='block_1_4' title="bbox 207 2101 955 2335">
    <p class='ocr_par' dir='ltr' id='par_1_4' title="bbox 207 2101 955 2335">
     <span class='ocr_line' id='line_1_34' title="bbox 256 2101 953 2148; baseline -0.003 -11"><span class='ocrx_word' id='word_1_272' title='bbox 256 2107 289 2138; x_wconf 88' lang='lat'>3.</span> <span class='ocrx_word' id='word_1_273' title='bbox 330 2104 530 2147; x_wconf 80' lang='lat' dir='ltr'>improvisu</span> <span class='ocrx_word' id='word_1_274' title='bbox 579 2102 649 2148; x_wconf 86' lang='lat' dir='ltr'>res]</span> <span class='ocrx_word' id='word_1_275' title='bbox 703 2102 791 2145; x_wconf 87' lang='lat' dir='ltr'>„das</span> <span class='ocrx_word' id='word_1_276' title='bbox 841 2101 953 2136; x_wconf 84' lang='lat' dir='ltr'>Uner·</span> 
     </span>
     <span class='ocr_line' id='line_1_35' title="bbox 208 2148 955 2194; baseline -0.004 -9"><span class='ocrx_word' id='word_1_277' title='bbox 208 2152 403 2192; x_wconf 79' lang='lat' dir='ltr'>wartete“;</span> <span class='ocrx_word' id='word_1_278' title='bbox 418 2160 473 2185; x_wconf 79' lang='lat' dir='ltr'>res</span> <span class='ocrx_word' id='word_1_279' title='bbox 487 2149 557 2184; x_wconf 87' lang='lat' dir='ltr'>mit</span> <span class='ocrx_word' id='word_1_280' title='bbox 565 2149 806 2194; x_wconf 80' lang='lat' dir='ltr'>Adjektivum</span> <span class='ocrx_word' id='word_1_281' title='bbox 821 2148 955 2182; x_wconf 71' lang='lat' dir='ltr'>drfickt</span> 
     </span>
     <span class='ocr_line' id='line_1_36' title="bbox 208 2195 952 2242; baseline -0.003 -11"><span class='ocrx_word' id='word_1_282' title='bbox 208 2197 334 2242; x_wconf 80' lang='lat' dir='ltr'>h&#39;aufig</span> <span class='ocrx_word' id='word_1_283' title='bbox 348 2197 407 2231; x_wconf 90' lang='lat' dir='ltr'>ein</span> <span class='ocrx_word' id='word_1_284' title='bbox 422 2197 617 2232; x_wconf 88' lang='lat' dir='ltr'>deutsches</span> <span class='ocrx_word' id='word_1_285' title='bbox 632 2195 952 2231; x_wconf 80' lang='lat' dir='ltr'>substantiviertes</span> 
     </span>
     <span class='ocr_line' id='line_1_37' title="bbox 208 2242 954 2285; baseline -0.003 -8"><span class='ocrx_word' id='word_1_286' title='bbox 208 2244 389 2279; x_wconf 85' lang='lat' dir='ltr'>Neutrum</span> <span class='ocrx_word' id='word_1_287' title='bbox 431 2255 513 2285; x_wconf 85' lang='lat' dir='ltr'>aus;</span> <span class='ocrx_word' id='word_1_288' title='bbox 553 2243 622 2278; x_wconf 87' lang='lat' dir='ltr'>mit</span> <span class='ocrx_word' id='word_1_289' title='bbox 651 2242 954 2277; x_wconf 86' lang='lat' dir='ltr'>hinzutretender</span> 
     </span>
     <span class='ocr_line' id='line_1_38' title="bbox 207 2290 953 2335; baseline 0 -11"><span class='ocrx_word' id='word_1_290' title='bbox 207 2290 354 2335; x_wconf 86' lang='lat' dir='ltr'>Kopula</span> <span class='ocrx_word' id='word_1_291' title='bbox 365 2290 572 2335; x_wconf 81' lang='lat' dir='ltr'>entspricht</span> <span class='ocrx_word' id='word_1_292' title='bbox 585 2301 640 2326; x_wconf 88' lang='lat' dir='ltr'>res</span> <span class='ocrx_word' id='word_1_293' title='bbox 653 2301 840 2325; x_wconf 89' lang='lat' dir='ltr'>unserem:</span> <span class='ocrx_word' id='word_1_294' title='bbox 857 2294 953 2331; x_wconf 82' lang='lat' dir='ltr'>,‚es“.</span> 
     </span>
    </p>
   </div>
   <div class='ocr_carea' id='block_1_5' title="bbox 208 2337 953 2487">
    <p class='ocr_par' dir='ltr' id='par_1_5' title="bbox 208 2337 953 2487">
     <span class='ocr_line' id='line_1_39' title="bbox 208 2337 953 2382; baseline -0.004 -10"><span class='ocrx_word' id='word_1_295' title='bbox 208 2348 264 2373; x_wconf 82' lang='lat' dir='ltr'>res</span> <span class='ocrx_word' id='word_1_296' title='bbox 289 2339 488 2382; x_wconf 74' lang='lat' dir='ltr'>improvisa</span> <span class='ocrx_word' id='word_1_297' title='bbox 513 2339 602 2381; x_wconf 82' lang='lat' dir='ltr'>fuit:</span> <span class='ocrx_word' id='word_1_298' title='bbox 637 2354 680 2366; x_wconf 93' lang='lat'>=</span> <span class='ocrx_word' id='word_1_299' title='bbox 715 2348 751 2372; x_wconf 85' lang='lat' dir='ltr'>es</span> <span class='ocrx_word' id='word_1_300' title='bbox 777 2337 863 2372; x_wconf 83' lang='lat' dir='ltr'>kam</span> <span class='ocrx_word' id='word_1_301' title='bbox 890 2347 953 2369; x_wconf 90' lang='lat' dir='ltr'>un-</span> 
     </span>
     <span class='ocr_line' id='line_1_40' title="bbox 208 2388 390 2420; baseline 0 -1"><span class='ocrx_word' id='word_1_302' title='bbox 208 2388 390 2420; x_wconf 87' lang='lat' dir='ltr'>erwartet.</span> 
     </span>
     <span class='ocr_line' id='line_1_41' title="bbox 257 2441 952 2487; baseline -0.004 -9"><span class='ocrx_word' id='word_1_303' title='bbox 257 2447 289 2478; x_wconf 83' lang='lat'>4.</span> <span class='ocrx_word' id='word_1_304' title='bbox 317 2447 500 2478; x_wconf 81' lang='lat' dir='ltr'>contracto</span> <span class='ocrx_word' id='word_1_305' title='bbox 542 2463 585 2469; x_wconf 88' lang='lat'><em>-</em></span> <span class='ocrx_word' id='word_1_306' title='bbox 625 2442 832 2487; x_wconf 78' lang='lat' dir='ltr'>certamine]</span> <span class='ocrx_word' id='word_1_307' title='bbox 874 2441 952 2485; x_wconf 88' lang='lat' dir='ltr'>„als</span> 
     </span>
    </p>
   </div>
   <div class='ocr_carea' id='block_1_6' title="bbox 208 2488 953 2887">
    <p class='ocr_par' dir='ltr' id='par_1_6' title="bbox 208 2488 951 2676">
     <span class='ocr_line' id='line_1_42' title="bbox 209 2488 951 2535; baseline -0.003 -10"><span class='ocrx_word' id='word_1_308' title='bbox 209 2490 287 2525; x_wconf 84' lang='lat' dir='ltr'>sich</span> <span class='ocrx_word' id='word_1_309' title='bbox 314 2490 374 2525; x_wconf 87' lang='lat' dir='ltr'>ein</span> <span class='ocrx_word' id='word_1_310' title='bbox 394 2489 534 2535; x_wconf 85' lang='lat' dir='ltr'>Kampf</span> <span class='ocrx_word' id='word_1_311' title='bbox 555 2491 785 2534; x_wconf 87' lang='lat' dir='ltr'>entsponnen</span> <span class='ocrx_word' id='word_1_312' title='bbox 804 2488 951 2530; x_wconf 82' lang='lat' dir='ltr'>hatte“;</span> 
     </span>
     <span class='ocr_line' id='line_1_43' title="bbox 209 2536 951 2582; baseline -0.001 -11"><span class='ocrx_word' id='word_1_313' title='bbox 209 2537 385 2572; x_wconf 89' lang='lat' dir='ltr'>stehende</span> <span class='ocrx_word' id='word_1_314' title='bbox 412 2536 611 2582; x_wconf 85' lang='lat' dir='ltr'>Wendung</span> <span class='ocrx_word' id='word_1_315' title='bbox 642 2537 850 2571; x_wconf 77' lang='lat' dir='ltr'>contrahere</span> <span class='ocrx_word' id='word_1_316' title='bbox 881 2546 951 2570; x_wconf 87' lang='lat' dir='ltr'>cer-</span> 
     </span>
     <span class='ocr_line' id='line_1_44' title="bbox 208 2582 951 2628; baseline -0.004 -9"><span class='ocrx_word' id='word_1_317' title='bbox 208 2588 345 2626; x_wconf 81' lang='lat' dir='ltr'>tamen,</span> <span class='ocrx_word' id='word_1_318' title='bbox 383 2584 527 2619; x_wconf 86' lang='lat' dir='ltr'>bellum:</span> <span class='ocrx_word' id='word_1_319' title='bbox 571 2583 711 2628; x_wconf 86' lang='lat' dir='ltr'>Kampf</span> <span class='ocrx_word' id='word_1_320' title='bbox 747 2582 951 2627; x_wconf 89' lang='lat' dir='ltr'>anspinnen</span> 
     </span>
     <span class='ocr_line' id='line_1_45' title="bbox 209 2631 472 2676; baseline 0.004 -11"><span class='ocrx_word' id='word_1_321' title='bbox 209 2631 472 2676; x_wconf 85' lang='lat' dir='ltr'>&lt;engagieren).</span> 
     </span>
    </p>

    <p class='ocr_par' dir='ltr' id='par_1_7' title="bbox 210 2688 953 2828">
     <span class='ocr_line' id='line_1_46' title="bbox 256 2688 952 2736; baseline -0.004 -12"><span class='ocrx_word' id='word_1_322' title='bbox 256 2689 383 2736; x_wconf 75' lang='lat' dir='ltr'>yenus]</span> <span class='ocrx_word' id='word_1_323' title='bbox 410 2689 460 2724; x_wconf 90' lang='lat' dir='ltr'>ist</span> <span class='ocrx_word' id='word_1_324' title='bbox 484 2689 610 2735; x_wconf 69' lang='lat' dir='ltr'>haufig</span> <span class='ocrx_word' id='word_1_325' title='bbox 631 2700 702 2723; x_wconf 84' lang='lat' dir='ltr'>von</span> <span class='ocrx_word' id='word_1_326' title='bbox 721 2688 952 2723; x_wconf 72' lang='lat' dir='ltr'>Volksstam-</span> 
     </span>
     <span class='ocr_line' id='line_1_47' title="bbox 210 2735 953 2781; baseline 0.001 -12"><span class='ocrx_word' id='word_1_327' title='bbox 210 2746 294 2770; x_wconf 86' lang='lat' dir='ltr'>men</span> <span class='ocrx_word' id='word_1_328' title='bbox 328 2753 371 2764; x_wconf 93' lang='lat'><strong><em>=</em></strong></span> <span class='ocrx_word' id='word_1_329' title='bbox 402 2748 497 2781; x_wconf 71' lang='lat' dir='ltr'>qens.</span> <span class='ocrx_word' id='word_1_330' title='bbox 524 2737 583 2779; x_wconf 79' lang='lat'>21,</span> <span class='ocrx_word' id='word_1_331' title='bbox 607 2741 638 2779; x_wconf 78' lang='lat'>7,</span> <span class='ocrx_word' id='word_1_332' title='bbox 659 2740 690 2771; x_wconf 90' lang='grc'>3.</span> <span class='ocrx_word' id='word_1_333' title='bbox 731 2735 953 2770; x_wconf 82' lang='lat' dir='ltr'>Rutulorum</span> 
     </span>
     <span class='ocr_line' id='line_1_48' title="bbox 210 2783 532 2828; baseline 0.006 -12"><span class='ocrx_word' id='word_1_334' title='bbox 210 2783 357 2827; x_wconf 82' lang='lat' dir='ltr'>quidam</span> <span class='ocrx_word' id='word_1_335' title='bbox 383 2785 532 2828; x_wconf 76' lang='lat' dir='ltr'>yeneris.</span> 
     </span>
    </p>

    <p class='ocr_par' dir='ltr' id='par_1_8' title="bbox 259 2841 953 2887">
     <span class='ocr_line' id='line_1_49' title="bbox 259 2841 953 2887; baseline -0.001 -11"><span class='ocrx_word' id='word_1_336' title='bbox 259 2844 290 2876; x_wconf 81' lang='lat'>5.</span> <span class='ocrx_word' id='word_1_337' title='bbox 324 2842 540 2886; x_wconf 74' lang='lat' dir='ltr'>prolapsum</span> <span class='ocrx_word' id='word_1_338' title='bbox 565 2852 673 2886; x_wconf 80' lang='lat' dir='ltr'>super</span> <span class='ocrx_word' id='word_1_339' title='bbox 692 2842 816 2887; x_wconf 80' lang='lat' dir='ltr'>caput]</span> <span class='ocrx_word' id='word_1_340' title='bbox 841 2841 953 2885; x_wconf 73' lang='lat' dir='ltr'>„iiber</span> 
     </span>
    </p>
   </div>
   <div class='ocr_carea' id='block_1_7' title="bbox 1023 1899 1768 2882">
    <p class='ocr_par' dir='ltr' id='par_1_9' title="bbox 1023 1899 1767 2134">
     <span class='ocr_line' id='line_1_50' title="bbox 1025 1899 1765 1946; baseline -0.001 -10"><span class='ocrx_word' id='word_1_341' title='bbox 1025 1901 1096 1936; x_wconf 89' lang='lat' dir='ltr'>den</span> <span class='ocrx_word' id='word_1_342' title='bbox 1110 1901 1212 1946; x_wconf 87' lang='lat' dir='ltr'>Kopf</span> <span class='ocrx_word' id='word_1_343' title='bbox 1223 1901 1301 1945; x_wconf 85' lang='lat' dir='ltr'>(des</span> <span class='ocrx_word' id='word_1_344' title='bbox 1316 1899 1480 1944; x_wconf 85' lang='lat' dir='ltr'>Pferdes)</span> <span class='ocrx_word' id='word_1_345' title='bbox 1496 1903 1612 1945; x_wconf 83' lang='lat' dir='ltr'>weg.“</span> <span class='ocrx_word' id='word_1_346' title='bbox 1635 1911 1663 1935; x_wconf 94' lang='lat' dir='ltr'>c.</span> <span class='ocrx_word' id='word_1_347' title='bbox 1677 1904 1733 1944; x_wconf 83' lang='grc'>27,</span> <span class='ocrx_word' id='word_1_348' title='bbox 1747 1904 1765 1935; x_wconf 81' lang='lat'><strong>7</strong></span> 
     </span>
     <span class='ocr_line' id='line_1_51' title="bbox 1023 1949 1767 1993; baseline -0.001 -10"><span class='ocrx_word' id='word_1_349' title='bbox 1023 1949 1267 1993; x_wconf 77' lang='lat' dir='ltr'>prolabentem</span> <span class='ocrx_word' id='word_1_350' title='bbox 1292 1959 1335 1982; x_wconf 80' lang='lat' dir='ltr'>ex</span> <span class='ocrx_word' id='word_1_351' title='bbox 1360 1958 1458 1992; x_wconf 81' lang='lat' dir='ltr'>equo.</span> <span class='ocrx_word' id='word_1_352' title='bbox 1485 1958 1513 1982; x_wconf 89' lang='lat' dir='ltr'>c.</span> <span class='ocrx_word' id='word_1_353' title='bbox 1539 1951 1594 1990; x_wconf 86' lang='lat'>19,</span> <span class='ocrx_word' id='word_1_354' title='bbox 1616 1951 1658 1982; x_wconf 91' lang='grc'>10</span> <span class='ocrx_word' id='word_1_355' title='bbox 1678 1958 1767 1992; x_wconf 76' lang='lat' dir='ltr'>pro-</span> 
     </span>
     <span class='ocr_line' id='line_1_52' title="bbox 1026 1995 1766 2040; baseline -0.001 -10"><span class='ocrx_word' id='word_1_356' title='bbox 1026 1998 1127 2040; x_wconf 80' lang='lat' dir='ltr'>lapso</span> <span class='ocrx_word' id='word_1_357' title='bbox 1176 2005 1263 2040; x_wconf 77' lang='lat' dir='ltr'>equo</span> <span class='ocrx_word' id='word_1_358' title='bbox 1311 1995 1461 2038; x_wconf 80' lang='lat' dir='ltr'>effusum</span> <span class='ocrx_word' id='word_1_359' title='bbox 1505 1996 1545 2028; x_wconf 81' lang='lat' dir='ltr'>in</span> <span class='ocrx_word' id='word_1_360' title='bbox 1587 2004 1766 2039; x_wconf 82' lang='lat' dir='ltr'>praeceps.</span> 
     </span>
     <span class='ocr_line' id='line_1_53' title="bbox 1025 2042 1767 2087; baseline -0.003 -9"><span class='ocrx_word' id='word_1_361' title='bbox 1025 2043 1085 2084; x_wconf 76' lang='lat'>22,</span> <span class='ocrx_word' id='word_1_362' title='bbox 1107 2047 1139 2084; x_wconf 91' lang='lat'>3,</span> <span class='ocrx_word' id='word_1_363' title='bbox 1162 2047 1215 2078; x_wconf 90' lang='lat'>11.</span> <span class='ocrx_word' id='word_1_364' title='bbox 1236 2042 1480 2087; x_wconf 74' lang='lat' dir='ltr'>consulemque</span> <span class='ocrx_word' id='word_1_365' title='bbox 1500 2042 1640 2086; x_wconf 79' lang='lat' dir='ltr'>lapsum</span> <span class='ocrx_word' id='word_1_366' title='bbox 1659 2052 1767 2086; x_wconf 78' lang='lat' dir='ltr'>super</span> 
     </span>
     <span class='ocr_line' id='line_1_54' title="bbox 1026 2089 1300 2134; baseline -0.007 -10"><span class='ocrx_word' id='word_1_367' title='bbox 1026 2093 1136 2134; x_wconf 75' lang='lat' dir='ltr'>caput</span> <span class='ocrx_word' id='word_1_368' title='bbox 1161 2089 1300 2133; x_wconf 63' lang='lat' dir='ltr'>effudit.</span> 
     </span>
    </p>

    <p class='ocr_par' dir='ltr' id='par_1_10' title="bbox 1025 2135 1768 2229">
     <span class='ocr_line' id='line_1_55' title="bbox 1068 2135 1768 2182; baseline -0.001 -11"><span class='ocrx_word' id='word_1_369' title='bbox 1068 2136 1338 2181; x_wconf 71' lang='lat' dir='ltr'>proteyentibus</span> <span class='ocrx_word' id='word_1_370' title='bbox 1374 2135 1498 2182; x_wconf 77' lang='lat' dir='ltr'>reyiz&#39;s]</span> <span class='ocrx_word' id='word_1_371' title='bbox 1540 2151 1583 2164; x_wconf 92' lang='lat'>=</span> <span class='ocrx_word' id='word_1_372' title='bbox 1618 2135 1768 2178; x_wconf 81' lang='lat' dir='ltr'>cohorte,</span> 
     </span>
     <span class='ocr_line' id='line_1_56' title="bbox 1025 2182 1600 2229; baseline -0.003 -11"><span class='ocrx_word' id='word_1_373' title='bbox 1025 2184 1125 2229; x_wconf 75' lang='lat' dir='ltr'>reyz&#39;a</span> <span class='ocrx_word' id='word_1_374' title='bbox 1154 2182 1383 2218; x_wconf 83' lang='lat' dir='ltr'>Leibwache.</span> <span class='ocrx_word' id='word_1_375' title='bbox 1410 2182 1470 2224; x_wconf 85' lang='lat'>28,</span> <span class='ocrx_word' id='word_1_376' title='bbox 1491 2187 1523 2224; x_wconf 84' lang='lat'>5,</span> <span class='ocrx_word' id='word_1_377' title='bbox 1547 2185 1600 2217; x_wconf 89' lang='lat'>15.</span> 
     </span>
    </p>

    <p class='ocr_par' dir='ltr' id='par_1_11' title="bbox 1025 2227 1766 2453">
     <span class='ocr_line' id='line_1_57' title="bbox 1074 2227 1764 2275; baseline -0.004 -10"><span class='ocrx_word' id='word_1_378' title='bbox 1074 2235 1106 2265; x_wconf 90' lang='grc'>6.</span> <span class='ocrx_word' id='word_1_379' title='bbox 1144 2231 1302 2275; x_wconf 65' lang='lat' dir='ltr'>insignis</span> <span class='ocrx_word' id='word_1_380' title='bbox 1344 2233 1375 2263; x_wconf 82' lang='lat' dir='ltr'>et</span> <span class='ocrx_word' id='word_1_381' title='bbox 1417 2229 1550 2274; x_wconf 72' lang='lat' dir='ltr'>ipsius]</span> <span class='ocrx_word' id='word_1_382' title='bbox 1599 2228 1664 2262; x_wconf 68' lang='lat' dir='ltr'>fiir</span> <span class='ocrx_word' id='word_1_383' title='bbox 1706 2227 1764 2262; x_wconf 88' lang='lat' dir='ltr'>die</span> 
     </span>
     <span class='ocr_line' id='line_1_58' title="bbox 1026 2274 1766 2321; baseline -0.004 -9"><span class='ocrx_word' id='word_1_384' title='bbox 1026 2277 1259 2321; x_wconf 76' lang='lat' dir='ltr'>pei-souliche</span> <span class='ocrx_word' id='word_1_385' title='bbox 1290 2275 1506 2320; x_wconf 86' lang='lat' dir='ltr'>Tapferkeit</span> <span class='ocrx_word' id='word_1_386' title='bbox 1536 2277 1599 2309; x_wconf 87' lang='lat' dir='ltr'>des</span> <span class='ocrx_word' id='word_1_387' title='bbox 1625 2274 1766 2319; x_wconf 77' lang='lat' dir='ltr'>Konigs</span> 
     </span>
     <span class='ocr_line' id='line_1_59' title="bbox 1026 2322 1765 2369; baseline -0.004 -10"><span class='ocrx_word' id='word_1_388' title='bbox 1026 2324 1237 2369; x_wconf 85' lang='lat' dir='ltr'>verglciche</span> <span class='ocrx_word' id='word_1_389' title='bbox 1263 2323 1322 2365; x_wconf 87' lang='lat'>31,</span> <span class='ocrx_word' id='word_1_390' title='bbox 1344 2327 1399 2365; x_wconf 87' lang='lat'>24,</span> <span class='ocrx_word' id='word_1_391' title='bbox 1422 2326 1569 2357; x_wconf 84' lang='lat'>14—15.</span> <span class='ocrx_word' id='word_1_392' title='bbox 1584 2322 1765 2366; x_wconf 76' lang='lat' dir='ltr'>plurimos</span> 
     </span>
     <span class='ocr_line' id='line_1_60' title="bbox 1026 2369 1761 2414; baseline -0.003 -9"><span class='ocrx_word' id='word_1_393' title='bbox 1026 2382 1138 2406; x_wconf 82' lang='lat' dir='ltr'>manu</span> <span class='ocrx_word' id='word_1_394' title='bbox 1169 2381 1237 2405; x_wconf 87' lang='lat' dir='ltr'>sua</span> <span class='ocrx_word' id='word_1_395' title='bbox 1268 2371 1428 2405; x_wconf 81' lang='lat' dir='ltr'>cominus</span> <span class='ocrx_word' id='word_1_396' title='bbox 1454 2370 1661 2414; x_wconf 77' lang='lat' dir='ltr'>eminusque</span> <span class='ocrx_word' id='word_1_397' title='bbox 1685 2369 1761 2403; x_wconf 82' lang='lat' dir='ltr'>vul-</span> 
     </span>
     <span class='ocr_line' id='line_1_61' title="bbox 1025 2422 1179 2453; baseline -0.006 -1"><span class='ocrx_word' id='word_1_398' title='bbox 1025 2422 1179 2453; x_wconf 76' lang='lat' dir='ltr'>neratos.</span> 
     </span>
    </p>

    <p class='ocr_par' dir='ltr' id='par_1_12' title="bbox 1024 2461 1764 2650">
     <span class='ocr_line' id='line_1_62' title="bbox 1073 2461 1764 2510; baseline -0.006 -11"><span class='ocrx_word' id='word_1_399' title='bbox 1073 2475 1160 2510; x_wconf 79' lang='lat' dir='ltr'>equo</span> <span class='ocrx_word' id='word_1_400' title='bbox 1187 2485 1230 2489; x_wconf 95' lang='lat'>—</span> <span class='ocrx_word' id='word_1_401' title='bbox 1256 2463 1424 2509; x_wconf 78' lang='lat' dir='ltr'>iniectus]</span> <span class='ocrx_word' id='word_1_402' title='bbox 1460 2462 1548 2506; x_wconf 85' lang='lat' dir='ltr'>„auf</span> <span class='ocrx_word' id='word_1_403' title='bbox 1570 2462 1630 2497; x_wconf 86' lang='lat' dir='ltr'>ein</span> <span class='ocrx_word' id='word_1_404' title='bbox 1653 2461 1764 2496; x_wconf 88' lang='lat' dir='ltr'>Pferd</span> 
     </span>
     <span class='ocr_line' id='line_1_63' title="bbox 1024 2509 1764 2557; baseline -0.005 -11"><span class='ocrx_word' id='word_1_405' title='bbox 1024 2511 1230 2557; x_wconf 83' lang='lat' dir='ltr'>gehoben“.</span> <span class='ocrx_word' id='word_1_406' title='bbox 1286 2511 1427 2545; x_wconf 83' lang='lat' dir='ltr'>Anders</span> <span class='ocrx_word' id='word_1_407' title='bbox 1461 2510 1520 2551; x_wconf 81' lang='lat'>31,</span> <span class='ocrx_word' id='word_1_408' title='bbox 1548 2513 1604 2552; x_wconf 84' lang='lat'>37,</span> <span class='ocrx_word' id='word_1_409' title='bbox 1632 2512 1684 2543; x_wconf 90' lang='lat'>10.</span> <span class='ocrx_word' id='word_1_410' title='bbox 1723 2509 1764 2543; x_wconf 85' lang='lat' dir='ltr'>in</span> 
     </span>
     <span class='ocr_line' id='line_1_64' title="bbox 1024 2555 1763 2604; baseline -0.005 -11"><span class='ocrx_word' id='word_1_411' title='bbox 1024 2570 1151 2604; x_wconf 80' lang='lat' dir='ltr'>equum</span> <span class='ocrx_word' id='word_1_412' title='bbox 1178 2558 1357 2593; x_wconf 76' lang='lat' dir='ltr'>subiecit.</span> <span class='ocrx_word' id='word_1_413' title='bbox 1386 2558 1420 2601; x_wconf 79' lang='lat'>6,</span> <span class='ocrx_word' id='word_1_414' title='bbox 1440 2561 1496 2598; x_wconf 84' lang='lat'>24,</span> <span class='ocrx_word' id='word_1_415' title='bbox 1518 2561 1549 2591; x_wconf 86' lang='lat'>5.</span> <span class='ocrx_word' id='word_1_416' title='bbox 1588 2555 1763 2591; x_wconf 83' lang='lat' dir='ltr'>Camillus</span> 
     </span>
     <span class='ocr_line' id='line_1_65' title="bbox 1024 2606 1447 2650; baseline -0.007 -9"><span class='ocrx_word' id='word_1_417' title='bbox 1024 2607 1221 2641; x_wconf 78' lang='lat' dir='ltr'>subiectus</span> <span class='ocrx_word' id='word_1_418' title='bbox 1246 2606 1286 2639; x_wconf 82' lang='lat' dir='ltr'>in</span> <span class='ocrx_word' id='word_1_419' title='bbox 1310 2615 1447 2650; x_wconf 80' lang='lat' dir='ltr'>equum.</span> 
     </span>
    </p>

    <p class='ocr_par' dir='ltr' id='par_1_13' title="bbox 1025 2649 1764 2882">
     <span class='ocr_line' id='line_1_66' title="bbox 1072 2649 1764 2697; baseline -0.007 -9"><span class='ocrx_word' id='word_1_420' title='bbox 1072 2657 1103 2689; x_wconf 89' lang='grc'>8.</span> <span class='ocrx_word' id='word_1_421' title='bbox 1120 2649 1489 2697; x_wconf 75' lang='lat' dir='ltr'>compensaveratque]</span> <span class='ocrx_word' id='word_1_422' title='bbox 1503 2650 1600 2693; x_wconf 89' lang='lat' dir='ltr'>„und</span> <span class='ocrx_word' id='word_1_423' title='bbox 1613 2660 1652 2684; x_wconf 87' lang='lat' dir='ltr'>so</span> <span class='ocrx_word' id='word_1_424' title='bbox 1660 2649 1764 2684; x_wconf 88' lang='lat' dir='ltr'>hatte</span> 
     </span>
     <span class='ocr_line' id='line_1_67' title="bbox 1025 2695 1761 2744; baseline -0.007 -9"><span class='ocrx_word' id='word_1_425' title='bbox 1025 2711 1064 2735; x_wconf 89' lang='lat' dir='ltr'>er</span> <span class='ocrx_word' id='word_1_426' title='bbox 1120 2698 1426 2744; x_wconf 79' lang='lat' dir='ltr'>ausgeglichen“;</span> <span class='ocrx_word' id='word_1_427' title='bbox 1479 2695 1761 2731; x_wconf 83' lang='lat' dir='ltr'>abschliefsend.</span> 
     </span>
     <span class='ocr_line' id='line_1_68' title="bbox 1025 2743 1764 2791; baseline -0.007 -9"><span class='ocrx_word' id='word_1_428' title='bbox 1025 2757 1251 2791; x_wconf 79' lang='lat' dir='ltr'>compensare</span> <span class='ocrx_word' id='word_1_429' title='bbox 1288 2756 1360 2779; x_wconf 87' lang='lat' dir='ltr'>rem</span> <span class='ocrx_word' id='word_1_430' title='bbox 1397 2755 1477 2779; x_wconf 86' lang='lat' dir='ltr'>cum</span> <span class='ocrx_word' id='word_1_431' title='bbox 1513 2755 1551 2778; x_wconf 87' lang='lat' dir='ltr'>re</span> <span class='ocrx_word' id='word_1_432' title='bbox 1582 2743 1658 2778; x_wconf 86' lang='lat' dir='ltr'>und</span> <span class='ocrx_word' id='word_1_433' title='bbox 1691 2753 1764 2778; x_wconf 88' lang='lat' dir='ltr'>rem</span> 
     </span>
     <span class='ocr_line' id='line_1_69' title="bbox 1025 2790 1764 2838; baseline -0.004 -10"><span class='ocrx_word' id='word_1_434' title='bbox 1025 2805 1063 2828; x_wconf 83' lang='lat' dir='ltr'>re</span> <span class='ocrx_word' id='word_1_435' title='bbox 1089 2795 1173 2838; x_wconf 86' lang='lat' dir='ltr'>sagt</span> <span class='ocrx_word' id='word_1_436' title='bbox 1198 2792 1344 2834; x_wconf 72' lang='lat' dir='ltr'>Cicero,</span> <span class='ocrx_word' id='word_1_437' title='bbox 1377 2791 1454 2826; x_wconf 84' lang='lat' dir='ltr'>Liv.</span> <span class='ocrx_word' id='word_1_438' title='bbox 1482 2790 1577 2826; x_wconf 72' lang='lat' dir='ltr'>oster</span> <span class='ocrx_word' id='word_1_439' title='bbox 1611 2800 1764 2835; x_wconf 78' lang='lat' dir='ltr'>pensare</span> 
     </span>
     <span class='ocr_line' id='line_1_70' title="bbox 1026 2843 1184 2882; baseline -0.013 -7"><span class='ocrx_word' id='word_1_440' title='bbox 1026 2851 1056 2876; x_wconf 90' lang='lat' dir='ltr'>c.</span> <span class='ocrx_word' id='word_1_441' title='bbox 1077 2845 1133 2882; x_wconf 90' lang='grc'>40,</span> <span class='ocrx_word' id='word_1_442' title='bbox 1153 2843 1184 2874; x_wconf 94' lang='lat'>2.</span> 
     </span>
    </p>
   </div>
  </div>
 </body>
</html>
