1926 3219
173 242 193 271 9

153 418 195 447 10

151 653 189 682 11

174 1301 193 1330 2

177 836 193 857 ·.
223 820 354 859 ferme
387 818 527 859 omnia
556 818 761 859 Romanis
794 817 978 859 secunda
1009 818 1137 859 fuere.

217 128 244 166 4
707 126 852 161 LIBER
878 127 1026 162 XXVII.
1079 126 1169 162 CAP
1194 131 1225 162 2.
1253 132 1286 164 3.

1620 147 1644 166 a.
1666 148 1693 166 u.
1713 142 1773 168 544.

221 233 292 274 sed
320 247 404 274 nox
431 234 592 275 incerta
618 234 799 275 victoria
825 233 996 275 diremit
1019 234 1266 288 pugnantis.
1316 237 1486 288 postero
1507 234 1573 276 die
1593 234 1776 277 Romani

221 293 274 333 ab
308 292 396 334 sole
429 295 524 334 orto
556 293 600 333 in
626 293 808 332 multum
836 292 918 332 diei
947 293 1102 332 stetere
1128 292 1170 332 in
1199 293 1307 346 acie3
1336 294 1410 334 ubi
1435 308 1559 336 nemo
1585 293 1776 335 hostium

221 351 422 392 adversus
467 350 645 405 prodiit,
695 349 834 403 spolia
877 363 952 403 per
996 349 1132 391 otium
1180 350 1322 405 legere
1372 354 1414 392 et
1458 355 1687 406 congestos
1731 353 1775 394 in

221 424 351 450 unum
373 409 512 450 locum
535 422 777 449 cremavere
798 421 908 449 suos.
957 411 1082 449 nocte
1102 408 1343 462 insequenti
1363 408 1584 452 Hannibal
1607 411 1775 453 silentio

220 468 354 509 movit
392 470 534 508 castra
567 470 609 507 et
640 467 685 507 in
718 466 921 520 Apuliam
955 467 1072 508 abiit.
1134 465 1380 520 Marcellus,
1416 467 1490 508 ubi
1523 469 1595 510 lux
1626 469 1775 524 fugam

219 526 408 566 hostium
442 525 620 579 aperuit,
652 525 807 566 sauciis
839 540 935 566 cum
966 525 1180 580 praesidio
1214 525 1380 567 modico
1406 525 1684 569 Numistrone
1714 542 1777 569 re·

219 585 330 625 lictis
368 584 699 637 praepositoque
736 584 789 625 iis
822 583 868 625 L.
902 583 1030 625 Furio
1063 583 1330 638 Purpurione
1368 584 1541 626 tribuno
1579 585 1776 639 militum,

220 643 413 696 vestigiis
457 643 618 683 institit
658 643 789 696 sequi.
859 642 911 683 ad
950 642 1184 684 Venusiam
1223 643 1403 697 adeptus
1443 657 1537 684 eum
1577 646 1651 684 est.
1718 645 1777 686 ibi

221 715 296 755 per
325 700 415 742 dies
442 701 619 755 aliquot,
651 715 745 741 cum
774 701 826 741 ab
855 701 1112 742 stationibus
1138 704 1470 754 procursaretur,
1501 702 1637 742 mixta.
1663 703 1778 757 equi-

220 765 312 801 tum
356 760 630 814 peditumque
671 759 939 800 tumultuosa
975 760 1113 814 magis
1150 760 1314 813 proelia
1353 774 1480 814 quam
1518 774 1694 815 magna,
1736 763 1779 802 et

1198 818 1295 859 inde
1328 832 1403 872 per
1427 818 1629 872 Apuliam
1663 818 1779 861 ducti

221 877 432 918 exercitus
466 877 555 917 sine
588 876 674 917 ullo
707 877 984 918 memorando
1010 877 1254 930 certamine,
1287 891 1379 918 cum
1406 876 1625 918 Hannibal
1651 881 1778 919 nocte

221 937 344 990 signa
382 938 589 988 moveret,
629 935 770 976 locum
809 934 973 976 insidiis
1011 950 1237 989 quaerens,
1276 935 1501 977 Marcellus
1540 937 1623 977 nisi
1665 940 1781 978 certa

220 996 313 1036 luce
346 998 388 1035 et
420 995 641 1047 explorato
675 997 773 1035 ante
805 1008 891 1035 non
924 998 1183 1048 sequeretur.

342 1051 515 1107 Capuae
554 1053 725 1093 interim
759 1052 934 1093 Flaccus
974 1053 1074 1093 dum
1112 1053 1236 1094 bonis
1269 1053 1510 1107 principum
1542 1052 1782 1106 vendendis,

221 1126 344 1166 agro,
384 1112 456 1166 qui
495 1111 736 1164 publicatus
775 1114 885 1163 erat,
923 1111 1104 1152 locando
1148 1135 1195 1139 —
1238 1112 1395 1152 locavit
1433 1118 1574 1152 autem
1609 1125 1780 1153 omnem

220 1170 434 1211 frumento
475 1194 529 1199 —
568 1174 738 1224 tempus
782 1170 900 1223 terit,
939 1184 991 1210 ne
1031 1169 1197 1211 deesset
1236 1170 1419 1210 materia
1457 1171 1500 1210 in
1537 1168 1778 1224 Campanos

221 1229 455 1281 saeviendi,
487 1243 645 1270 novum
678 1229 720 1269 in
755 1228 922 1269 occulto
956 1228 1142 1284 gliscens
1173 1243 1248 1282 per
1279 1228 1482 1270 indicium
1515 1230 1781 1281 protractum

223 1291 287 1329 est
318 1288 496 1329 facinus.
560 1287 719 1328 milites
747 1287 951 1328 aedificiis
979 1290 1157 1341 emotos,
1192 1286 1317 1328 simul
1343 1289 1391 1328 ut
1416 1301 1510 1328 cum
1539 1300 1642 1341 agro
1668 1290 1783 1328 tecta

267 1431 298 1462 8.
338 1428 475 1461 incerta
508 1427 678 1471 victoria]
712 1437 775 1469 „so
808 1426 887 1461 dass
922 1447 965 1450 —

220 1475 329 1517 war“‚
356 1473 406 1507 ist
431 1472 515 1509 Abl.
543 1474 618 1508 abs.
646 1474 681 1516 9,
703 1478 758 1516 25,
781 1477 800 1507 6
827 1474 966 1507 ineerta
1039 1426 1520 1470 verprovmntlelung
1554 1425 1639 1459 und
1676 1425 1695 1459 x
1718 1436 1783 1460 er-

1039 1473 1263 1517 starkung
1288 1473 1490 1507 Tarents.

215 1532 308 1566 paee
332 1533 366 1555 u.
394 1532 424 1554 a..

267 1578 298 1608 9.
326 1574 497 1608 adversus
521 1573 680 1618 prodiit]

219 1622 391 1655 adversus

218 1667 355 1702 wieder
366 1668 442 1701 Liv.
454 1667 708 1711 angewendet.
725 1667 866 1711 vgl.3'⁴',
879 1671 932 1710 13,
943 1669 963 1700 8

212 1718 406 1759 postquam
432 1725 532 1749 nemo
559 1715 730 1749 adversus
755 1715 842 1749 ibat.

269 1772 320 1802 10.
362 1771 460 1802 noete
476 1788 517 1792 —
534 1767 692 1812 silentio]
727 1766 962 1811 gewohnlich

218 1818 304 1860 sagt
343 1814 420 1848 Liv.
457 1815 600 1849 silentio
634 1816 750 1848 noetis
788 1825 816 1848 c.
845 1817 899 1855 28,
931 1817 962 1849 2.

219 1866 273 1905 32,
297 1866 327 1895 2.
357 1879 398 1890 =
426 1862 509 1904 „bei
536 1861 655 1896 stiller
680 1861 838 1895 Nacht.“

266 1915 330 1948 ubi
361 1915 427 1949 lucc
457 1915 583 1958 fuglam
617 1934 659 1938 —
687 1914 844 1958 aperuit]
884 1923 962 1957 „er-

218 1962 363 1996 kennen
402 1961 518 1995 liess“.
576 1961 650 2006 vgl.
687 1965 793 2003 c.47,
817 1965 859 1995 10
899 1961 963 1995 ubi

218 2010 282 2042 lucc
309 2029 351 2033 ——
379 2009 596 2043 ostendisset.

708 1573 773 1607 das
805 1573 964 1607 Adverb.

430 1621 497 1654 hat
531 1620 625 1654 nach
659 1620 812 1654 Plautus
845 1620 967 1653 zuerst

1089 1536 1117 1565 1.
1145 1541 1233 1575 ayro
1255 1551 1296 1556 -
1318 1530 1484 1575 locando]
1515 1530 1687 1573 Flaccus,
1716 1531 1782 1566 der

1039 1578 1219 1612 Eroberer
1252 1577 1407 1622 Capuae,
1446 1577 1495 1611 ist
1526 1578 1595 1612 mit
1632 1577 1782 1620 diesem,

1040 1627 1143 1659 sonst
1168 1625 1237 1658 den
1258 1624 1437 1658 Censoren
1458 1623 1689 1659 zufallenden
1713 1623 1783 1659 Ge·

1040 1671 1179 1706 sebaste
1200 1672 1244 1714 (c.
1270 1675 1321 1714 11,
1334 1673 1369 1715 8)
1389 1671 1701 1706 ausnahmsweise
1721 1671 1782 1706 be·

1036 1722 1148 1753 trant.
1210 1718 1281 1752 Der
1318 1717 1566 1763 vollstandige
1604 1718 1782 1753 terminus

1036 1765 1225 1800 technieus
1241 1765 1362 1800 dafi'ir:
1381 1775 1508 1810 (ιφ-πω
1521 1765 1717 1808 fruendum
1732 1766 1781 1800 Io-

1037 1824 1128 1847 eare.
1178 1816 1197 1854 ξ
1224 1817 1255 1848 2.
1283 1823 1313 1847 c.
1343 1816 1396 1855 11,
1416 1816 1448 1847 8.

1083 1866 1278 1909 frumento]
1314 1875 1456 1909 „gcgen
1493 1864 1573 1899 eine
1606 1864 1779 1899 Natural-

1038 1912 1219 1957 lieferung
1245 1923 1292 1946 an
1313 1911 1522 1946 Getreide.“
1572 1912 1619 1955 fr.
1639 1911 1689 1946 ist
1708 1910 1781 1946 Ab·

1039 1959 1129 1994 iativ
1155 1959 1219 1993 des
1245 1959 1405 1998 Preises3
1432 1958 1505 2002 vgl.
1533 1958 1568 2001 9,
1590 1962 1646 2002 43,
1668 1963 1699 1993 6.
1727 1959 1782 1993 in-

1036 2007 1160 2040 dutias
1193 2026 1235 2030 —
1263 2007 1367 2050 pacti
1404 2009 1489 2040 sant
1527 2005 1686 2041 bimestri
1721 2006 1783 2041 sti—

266 2062 425 2105 itestiqiis
450 2062 585 2095 institit
611 2061 727 2105 sequi]
757 2072 818 2103 „er
844 2060 961 2105 solgte
1005 2099 1009 2102 .
1030 2054 1165 2097 Ρθηᾱῖθ
1189 2054 1446 2097 frumentoque.

217 2108 295 2142 ihm
329 2107 436 2152 eifrig
465 2108 530 2142 auf
555 2108 635 2142 dem
663 2107 807 2142 Fusse“.
837 2128 878 2132 -—-
906 2108 961 2141 in-

218 2157 305 2189 sisto
326 2166 355 2189 c.
370 2155 434 2188 inf.
450 2155 510 2189 bei
528 2154 602 2189 Cic.
617 2167 651 2189 u.
667 2154 746 2189 Cas.
762 2154 963 2197 bisweilen,

218 2202 268 2236 ist
305 2202 431 2246 haufig
461 2202 518 2236 bei
554 2201 632 2235 Liv.
667 2212 695 2236 c.
718 2205 774 2244 46,
795 2204 827 2236 8.
861 2212 964 2235 orare

217 2250 363 2284 institit.
410 2269 452 2273 ——
497 2249 657 2293 rcestiyiis
708 2249 757 2282 ist
801 2248 963 2289 Ablativ,

221 2297 288 2330 wie
315 2296 349 2337 6,
371 2300 426 2338 32,
452 2300 503 2330 10.
529 2307 640 2340 prope
665 2297 824 2340 vestigiis
847 2307 961 2339 seque-

218 2346 328 2378 retur.

271 2400 325 2431 11.
352 2397 397 2430 ab
423 2396 642 2430 stationibus
667 2395 963 2440 procursarelur]

220 2443 300 2485 „als
320 2443 561 2478 Pli'inkeleien
581 2443 763 2477 zwischen
784 2443 854 2477 den
877 2442 965 2476 Vor-

219 2491 351 2534 posten
411 2490 674 2526 stattfauden‘z
747 2500 967 2534 procursare

220 2537 464 2582 eigentliches
486 2537 646 2572 Verbum
674 2537 733 2571 fur
753 2536 966 2571 Tirailleur-

221 2584 407 2628 gefechte:
435 2583 495 2627 22,
526 2589 579 2627 16,
603 2588 622 2618 2
651 2586 699 2619 acl
725 2584 967 2619 lacessendum

219 2632 728 2676 hostem—procursando
752 2631 966 2675 reeipien-

221 2680 359 2723 ‹quue
383 2689 455 2713 sese
474 2690 693 2723 puynazere.

271 2735 324 2765 12.
351 2736 445 2767 certa
465 2732 556 2777 luce]
579 2732 660 2773 „bei
681 2731 964 2775 hellemTage“.

222 2778 276 2812 oft
290 2778 348 2812 bei
360 2778 450 2820 Liv.‚
467 2792 494 2812 z.
511 2776 550 2814 BQ
573 2778 632 2821 22,
648 2784 679 2822 4,
695 2783 726 2813 4.
739 2778 967 2822 inexplorato

222 2845 265 2849 —
291 2826 439 2859 viscclum
461 2827 551 2860 satis
577 2829 672 2860 certa
690 2827 775 2861 luce.

269 2882 963 2930 c.3.Versehw‹'5runginCapua.

1082 2117 1126 2141 ne
1145 2107 1272 2141 deesset
1295 2106 1465 2152 materia]
1497 2116 1602 2140 wenn
1630 2105 1689 2140 ein
1716 2105 1776 2140 be-

1036 2152 1236 2187 triibendes
1271 2152 1438 2197 Ereignis
1479 2152 1547 2186 mit
1581 2151 1681 2187 einer
1721 2162 1782 2196 ge-

1037 2201 1167 2234 wissen
1182 2199 1379 2234 ssitterkeit
1390 2199 1532 2234 erz'ahlt
1542 2198 1687 2233 werden
1700 2198 1782 2242 soll,

1038 2246 1128 2281 liisst
1152 2246 1227 2280 Liv.
1256 2247 1328 2280 den
1348 2245 1477 2290 Erfolg
1503 2244 1700 2280 desselben
1725 2244 1781 2279 als

1039 2293 1289 2337 beabsichtigt
1302 2292 1532 2327 erscheinen:
1556 2292 1588 2335 7,
1609 2295 1665 2335 27,
1689 2296 1718 2326 1.
1738 2303 1783 2327 ne

1038 2341 1148 2375 nimis
1158 2342 1270 2375 laetae
1283 2350 1338 2374 res
1349 2343 1471 2381 essent,
1481 2339 1688 2383 pestilentia
1697 2339 1782 2373 eivi-

1039 2391 1146 2422 tatem
1170 2388 1310 2422 adorta.
1338 2386 1399 2429 26,
1421 2390 1476 2429 41,
1498 2390 1530 2420 8.
1557 2398 1591 2421 u.
1618 2397 1650 2420 o.

1086 2447 1125 2480 in
1170 2447 1306 2480 occulto
1343 2445 1510 2491 ylisems]
1554 2445 1701 2488 {yliseere
1736 2460 1780 2473 =

1040 2494 1282 2538 „glimmen,“
1317 2492 1408 2526 wird
1442 2503 1514 2526 von
1550 2492 1627 2526 Liv.
1663 2491 1709 2525 ab
1743 2490 1782 2525 in

1039 2540 1358 2585 metaphorischer
1376 2539 1605 2583 Bedeutung,
1624 2538 1781 2572 verbun-

1040 2588 1110 2622 den
1142 2588 1211 2622 mit
1234 2587 1395 2628 invidia,
1421 2587 1565 2627 seditio,
1591 2585 1719 2619 bellum
1745 2597 1779 2619 u.

1041 2645 1071 2669 a.
1100 2635 1183 2669 sehr
1214 2633 1357 2679 haufig;
1384 2633 1426 2676 2,
1454 2636 1514 2675 23,
1535 2636 1567 2667 2.
1602 2632 1782 2666 invidiam

1040 2683 1241 2726 gyliseentem
1268 2701 1311 2706 —
1338 2681 1527 2715 calamitas
1546 2679 1710 2713 accendit
1730 2679 1779 2707 '=

1041 2729 1141 2771 „den
1179 2727 1427 2773 glimmenden
1466 2726 1619 2761 Funken
1656 2725 1780 2760 fachte

1039 2788 1101 2810 zur
1126 2775 1290 2810 Flamme
1317 2775 1397 2808 an.“

1085 2838 1117 2868 2.
1143 2834 1252 2868 simul
1277 2836 1374 2867 ut—
1389 2833 1497 2866 simul
1520 2830 1691 2876 metuens]
1719 2842 1781 2865 zur

1038 2880 1332 2924 Abwechselung
1349 2880 1413 2914 der
1424 2877 1691 2914 Konstruktion
1707 2877 1780 2923 vgl.
