1926 3219
167 355 186 385 ὓ
213 350 316 388 erat.

150 1525 193 1554 14
219 1517 356 1558 banae
400 1519 447 1558 ut
491 1516 790 1557 scriberentur.

212 125 268 167 64
670 123 811 157 LIBER
838 123 984 157 XXVII.
1036 122 1139 158 CAP.
1167 127 1221 158 36.
1248 127 1303 158 37.

214 234 579 285 inauguratusque
589 245 598 283 3

1532 145 1558 163 a.
1579 145 1606 162 u.
1627 138 1686 163 546.
1707 137 1769 164 54⁷.

657 232 698 269 et
749 228 823 270 Cn.
869 226 1092 268 Cornelius
1142 227 1367 270 Dolabella
1422 245 1495 272 rex
1553 245 1772 273 sacrorum

211 291 491 343 inauguratus
523 291 588 329 est
619 287 663 327 in
694 287 835 327 locum
860 285 916 326 M.
942 285 1105 338 Marcii,
1135 286 1207 340 qui
1239 286 1410 329 biennio
1443 292 1542 331 ante
1574 292 1769 332 mortuus

377 347 459 388 hoe
497 346 644 387 eodem
685 358 797 386 anno
830 347 872 385 et
903 344 1088 384 lustrum
1122 344 1339 386 eonditum
1372 349 1436 387 est
1467 362 1492 388 3
1524 348 1772 390 censoribus

167 413 185 442 7
213 406 258 448 P.
286 405 538 458 Sempronio
566 402 783 444 Tuditano
817 405 860 443 et
885 401 941 443 M.
969 400 1168 443 Cornelio
1196 401 1401 457 Cethego.

1462 419 1587 447 censa
1616 407 1772 448 civium

213 464 355 518 capita
394 465 565 504 centum
601 462 782 516 triginta
818 464 983 514 septem
1016 461 1135 502 milia
1168 463 1339 502 eentum
1372 464 1487 515 octo,
1524 465 1664 506 minor
1696 465 1774 506 ali-

166 528 185 558 8
213 524 373 576 quanto
405 535 627 571 numerus,
659 535 787 575 quam
819 520 891 574 qui
923 522 1022 560 ante
1053 519 1216 560 bellum
1247 518 1397 561 fuerat.

1460 534 1508 562 eo
1543 536 1654 564 anno
1687 524 1774 577 pri-

211 595 345 633 mum,
384 594 433 620 ex
467 593 549 634 quo
581 578 801 620 Hannibal
833 579 878 619 in
908 577 1080 619 Italiam
1113 578 1319 630 venisset,
1358 578 1580 620 comitium
1611 583 1771 622 tectum

213 653 303 680 esse
336 638 566 679 memoriae
600 637 818 691 proditum
851 639 934 690 est,
967 639 1009 677 et
1040 636 1162 677 ludos
1194 635 1413 678 Romanos
1447 637 1579 679 semel
1610 639 1774 681 instau-

167 704 185 734 9
214 700 330 738 ratos
375 697 428 737 ab
474 696 682 737 aedilibus
728 696 945 737 curulibus
991 694 1038 743 Q.
1083 693 1254 736 Metello
1300 698 1342 736 et
1387 694 1432 737 C.
1473 694 1665 737 Servilio.
1733 701 1775 739 et

211 755 352 810 plebei
390 755 478 796 ludi
516 754 693 796 biduum
731 754 960 795 instaurati
1001 753 1054 794 ab
1095 751 1138 793 C.
1178 752 1371 795 Mamilio
1411 757 1453 795 et
1492 754 1548 795 M.
1589 753 1774 798 Caecilio

214 814 388 855 Metello
422 813 630 855 aedilibus
662 813 818 867 plebis,
852 815 894 852 et
925 811 1008 852 tria
1041 811 1165 865 signa
1197 812 1249 852 ad
1284 810 1450 854 Cereris
1484 813 1620 854 eidem
1653 813 1774 855 dede-

214 876 329 926 runt;
363 876 405 914 et
436 871 549 913 Iovis
583 872 754 925 epulum
786 871 869 911 fuit
902 870 1099 911 ludorum
1132 884 1272 911 eausa.

333 929 613 973 Consulatum
652 929 750 970 inde
788 930 936 970 ineunt
975 927 1020 970 C.
1062 926 1265 969 Claudius
1303 928 1418 970 Nero
1459 932 1501 970 et
1537 929 1594 971 M.
1628 929 1775 972 Livius

213 990 378 1031 iterum.
420 989 493 1043 qui
514 989 614 1042 quia
634 988 719 1029 iam
741 987 955 1041 designati
976 986 1219 1040 provincias
1242 987 1384 1028 sortiti
1405 991 1536 1039 erant,
1555 992 1775 1042 praetores

144 1057 185 1087 11
215 1049 357 1090 sortiri
383 1048 610 1088 iusserunt.
656 1044 700 1088 C.
728 1046 916 1087 Hostilio
943 1045 1180 1086 iurisdictio
1202 1045 1366 1086 urbana
1386 1047 1544 1101 evenit3
1571 1047 1715 1088 addita
1735 1050 1777 1088 et

214 1107 456 1160 peregrina,
469 1108 517 1146 ut
530 1108 617 1146 tres
632 1105 676 1146 in
690 1105 934 1158 provincias
951 1104 1063 1145 exire
1078 1105 1270 1158 possent,
1291 1103 1342 1146 A.
1356 1103 1548 1146 Hostilio
1564 1104 1774 1159 Sardinia,

146 1174 187 1204 12
217 1164 261 1207 C.
292 1164 487 1206 Mamilio
523 1163 680 1218 Sicilia,
714 1163 760 1204 L.
791 1163 942 1205 Porcio
977 1161 1118 1204 Gallia
1150 1164 1298 1204 evenit.

1362 1177 1528 1204 summa
1558 1163 1778 1218 legionum

213 1224 344 1265 trium
389 1227 430 1264 et
474 1223 631 1276 viginti
675 1223 736 1263 ita
780 1237 857 1276 per
900 1221 1146 1275 provincias
1190 1220 1344 1263 divisa:
1389 1221 1515 1263 binae
1554 1223 1777 1263 consulum

218 1285 376 1335 essent,
419 1284 623 1336 quattuor
660 1280 873 1335 Hispania
917 1281 1111 1333 haberet,
1155 1279 1278 1320 binas
1323 1283 1410 1320 tres
1453 1283 1691 1334 praetores,
1734 1281 1779 1322 in

145 1350 185 1379 13
214 1340 362 1382 Sicilia
403 1344 444 1381 et
481 1339 676 1382 Sardinia
720 1343 763 1381 et
800 1339 959 1390 Gallia,
1004 1339 1108 1380 duas
1149 1337 1193 1380 C.
1232 1338 1456 1380 Terentius
1503 1339 1546 1379 in
1590 1339 1779 1393 Etruria,

215 1400 320 1441 duas
353 1399 400 1448 Q.
433 1398 608 1440 Fulvius
641 1399 685 1439 in
717 1397 913 1449 Bruttiis,
945 1397 1048 1439 duas
1084 1398 1129 1446 Q.
1164 1395 1365 1438 Claudius
1399 1398 1511 1439 eirca
1545 1397 1777 1439 Tarentum

216 1461 257 1500 et
295 1456 578 1510 Sallentinos,
616 1471 748 1498 unam
789 1456 832 1499 C.
868 1456 1081 1498 Hostilius
1113 1455 1305 1496 Tubulus
1338 1454 1527 1510 Capuae,
1567 1456 1674 1497 duae
1712 1471 1777 1497 ur-

865 1515 1015 1570 primis
1061 1516 1263 1569 quattuor
1306 1514 1550 1569 legionibus
1595 1515 1779 1569 populus

219 1575 416 1616 tribunos
450 1575 629 1627 creavit,
661 1575 706 1615 in
739 1577 901 1616 ceteras
935 1574 1130 1615 consules
1163 1573 1383 1614 miserunt.

339 1633 594 1687 Priusquam
639 1633 837 1675 eonsules
882 1632 1271 1687 proficiscerentur,
1313 1632 1567 1673 novendiale
1612 1646 1780 1673 sacrum

172 1700 190 1730 -2
219 1692 321 1746 fuit,
365 1692 464 1746 quia
496 1691 599 1733 Veis
639 1691 688 1732 de
729 1692 847 1733 caelo
880 1691 1159 1745 lapidaverat.

1223 1690 1302 1730 sub
1334 1691 1459 1731 unius
1492 1690 1694 1746 prodigii,
1733 1693 1780 1731 ut

218 1751 283 1806 fit,
320 1751 583 1792 mentionem
621 1750 706 1792 alia
747 1765 912 1805 quoque
951 1750 1163 1791 nuntiata:
1208 1747 1439 1790 Minturnis
1479 1749 1625 1790 aedem
1663 1749 1778 1791 Iovis

264 1893 294 1924 ὓ.
323 1890 476 1924 lustrum
496 1889 696 1935 conditum]
725 1888 796 1924 seit
819 1888 963 1934 Beginn

217 1937 280 1971 des
324 1937 477 1981 Krieges
521 1947 644 1971 waren
693 1936 785 1970 zwei
830 1935 964 1971 Lustra

217 1983 457 2029 ausgefallen.

264 2046 295 2077 7.
323 2042 567 2077 censacivium
575 2042 714 2087 capita]
733 2042 780 2076 da
797 2045 838 2076 10
853 2042 964 2077 Jahre

217 2090 349 2123 vorher
361 2093 428 2123 270
445 2093 511 2123 713
523 2089 663 2134 Bfirger
671 2089 822 2133 gezahlt
829 2099 962 2132 waren,

218 2147 257 2171 so
292 2139 389 2170 ware
424 2135 580 2170 seitdem
613 2135 673 2170 die
705 2135 965 2181 Bevolkerung

218 2194 280 2217 um
307 2183 412 2217 mehr
444 2182 498 2217 als
524 2182 583 2217 die
609 2182 736 2217 H'alfte
763 2183 963 2227 gesunken.

267 2245 298 2276 8.
325 2252 368 2276 ecc
393 2241 478 2286 quo]
510 2241 651 2276 sowohl
677 2240 791 2276 allein
816 2241 870 2275 als
897 2241 965 2275 mit

219 2288 539 2333 vorausgehender
551 2288 884 2333 Zeitbestimmung
898 2288 965 2322 fin-

219 2334 282 2368 det
319 2335 397 2369 sich
437 2346 481 2369 em
518 2346 587 2379 quo
625 2336 745 2370 zuerst
787 2335 848 2369 bei
887 2334 966 2369 Liv.

219 2392 248 2416 c.
283 2385 344 2425 50,
378 2385 409 2415 4.
439 2393 505 2426 per
537 2383 652 2417 omnis
683 2383 775 2424 dies,
813 2393 856 2416 eo:
886 2392 966 2426 quo.

267 2440 450 2474 comitium
470 2441 613 2485 tectum]
634 2452 696 2474 um
716 2440 787 2475 den
807 2440 873 2474 auf
884 2440 966 2474 dem

221 2486 420 2522 Comitium
476 2487 763 2522 stattfindenden
820 2486 967 2532 Spielen

218 2534 343 2569 besser
368 2533 575 2568 zuschauen
606 2546 650 2568 zu
676 2534 835 2577 konnen,
861 2534 967 2568 iiber-

219 2581 353 2616 dachte
376 2591 463 2615 man
482 2580 652 2616 dasselbe
665 2580 735 2616 mit
750 2581 965 2626 Segeltueh:

219 2628 315 2663 velis.

268 2690 299 2720 9.
316 2686 419 2720 Iovis
427 2686 588 2733 epulum]
606 2687 684 2722 dies
693 2687 784 2722 wird
793 2688 967 2722 meistens

220 2733 290 2766 mit
327 2733 423 2767 ludis
452 2734 605 2777 plebeis,
642 2734 834 2770 bisweilen
872 2735 966 2769 auch

220 2779 290 2812 mit
315 2779 475 2813 anderen
497 2781 720 2825 verbunden,
747 2782 822 2816 und
845 2781 966 2816 davon

221 2825 259 2859 in
275 2825 338 2860 der
353 2827 589 2871 stereotypen
604 2827 750 2863 Formel
762 2828 963 2863 berichtet:

221 2871 321 2907 Iovis
357 2873 501 2916 epulum
531 2875 607 2916 suit
642 2876 808 2911 ludorum
840 2886 962 2911 causa.

1036 1888 1114 1922 Nur
1145 1887 1183 1922 in
1215 1888 1353 1922 diesem
1387 1887 1498 1922 Sinne
1530 1887 1579 1922 ist
1609 1887 1674 1921 das
1706 1886 1781 1922 alte

1036 1936 1181 1980 epulum
1206 1934 1480 1980 gebrauehlich.

1087 1986 1140 2016 14.
1161 1982 1324 2027 populus
1346 1982 1512 2017 tribunos
1537 1980 1686 2025 creavit]
1722 1992 1781 2014 ur-

1038 2029 1252 2074 sprfinglich
1266 2029 1413 2064 werden
1438 2039 1511 2063 von
1532 2028 1602 2062 den
1616 2027 1782 2062 Konsuln

1038 2076 1128 2111 3110
1155 2076 1470 2111 Militat-tribunen
1498 2074 1681 2120 gewahlt3
1707 2073 1783 2108 und

1039 2134 1136 2157 zwar
1167 2124 1226 2157 fiir
1253 2123 1339 2167 jede
1372 2122 1436 2158 der
1462 2126 1483 2156 4
1507 2121 1668 2167 Ι1311111011
1700 2131 1780 2155 aus-

1038 2170 1275 2205 zuhebenden
1291 2169 1480 2214 Legionen
1506 2173 1526 2203 6
1542 2186 1585 2198 =
1599 2173 1660 2211 243
1687 2167 1783 2202 nach

1040 2217 1072 2261 7,
1095 2222 1126 2260 5,
1145 2222 1176 2252 9.
1203 2217 1325 2252 erhalt
1350 2221 1417 2251 359
1445 2227 1476 2251 a.
1505 2215 1568 2250 Ch.
1595 2215 1659 2250 das
1684 2213 1782 2248 Volk

1039 2265 1105 2299 das
1132 2263 1263 2307 Recht‚
1292 2268 1311 2298 6
1337 2263 1524 2298 Tribunen
1549 2274 1591 2296 zu
1617 2259 1781 2303 wahlen3

1039 2311 1074 2354 9,
1101 2316 1146 2346 30
1172 2310 1288 2345 wahlt
1320 2322 1356 2345 es
1391 2313 1449 2352 163
1485 2309 1554 2343 wie
1585 2308 1665 2343 hier
1690 2307 1781 2341 alle

1041 2358 1228 2392 Tribunen
1253 2358 1323 2391 fiir
1351 2357 1421 2391 die
1447 2367 1530 2391 von
1559 2355 1642 2389 deu
1666 2354 1781 2389 Kon-

1040 2405 1139 2439 suln
1176 2417 1226 2438 zu
1252 2403 1505 2438 ffihrenden
1536 2401 1781 2447 Legionen:

1039 2451 1100 2495 44,
1119 2456 1176 2496 21,
1197 2455 1228 2486 2.
1266 2450 1335 2485 Die
1355 2462 1426 2485 von
1446 2450 1517 2485 den
1535 2447 1701 2484 Konsuln
1720 2458 1783 2491 ge-

1040 2499 1203 2533 1131111οη
1254 2497 1442 2532 Tribunen
1491 2495 1658 2530 erhalten
1710 2494 1781 2528 den

1040 2546 1279 2591 Spitznamen
1303 2545 1449 2588 Rufuli.
1477 2544 1510 2588 7,
1536 2547 1568 2586 5,
1594 2546 1625 2576 9.

1087 2603 1117 2628 c.
1145 2593 1203 2627 37.
1231 2592 1484 2636 Prodigien.

1091 2644 1130 2674 1.-
1147 2640 1330 2685 lapidare]
1351 2640 1421 2683 eig.
1439 2655 1483 2667 =
1498 2637 1695 2682 steinigen‚
1714 2638 1781 2673 fin-

1041 2687 1105 2722 det
1129 2687 1208 2722 sieh
1240 2699 1309 2721 nnr
1334 2686 1392 2721 bei
1416 2685 1495 2720 Liv.
1521 2685 1780 2730 unpersonlich

1040 2750 1084 2763 =
1100 2745 1137 2769 es
1157 2735 1288 2779 regnet
1300 2733 1440 2776 Steine;
1468 2732 1579 2767 meist
1603 2732 1672 2766 mit
1695 2732 1780 2766 dem

1039 2781 1190 2816 Zusatze
1229 2781 1272 2815 de
1307 2780 1417 2822 coelo;
1457 2779 1536 2814 dies
1568 2779 1780 2824 prodiyium

1037 2828 1129 2862 wird
1155 2828 1245 2862 stets
1273 2826 1388 2861 durch
1408 2827 1619 2863 novendiale
1637 2836 1780 2862 sacrum

1036 2875 1204 2919 gesfihnt.
