1926 3219
225 117 283 159 50
724 115 867 150 Lmen
891 115 1041 150 xxvn.
1091 113 1192 149 oAP.
1219 119 1275 150 ετ.

1619 138 1647 157 ιι.
1669 138 1696 157 u.
1718 132 1782 158 546.

227 224 352 265 ambo
392 223 608 274 consules,
646 221 900 262 Marcellum
934 221 1065 261 etiam
1096 222 1349 263 transfixum
1380 223 1528 266 lancea
1559 226 1783 280 prolaben-

225 285 314 323 tem
353 296 402 322 ex
443 295 550 336 equo
593 278 894 320 moribundum
938 278 1099 332 videre,
1142 281 1234 320 tum
1279 282 1321 320 et
1365 281 1446 334 ipsi
1488 307 1536 313 —
1579 285 1782 338 perpauci

228 343 371 381 autem
403 340 655 392 supererant
677 359 726 365 —
751 351 846 378 cum
879 334 1076 390 Crispino
1110 337 1283 378 consule
1316 337 1480 381 duobus
1511 342 1662 384 iaculis
1695 343 1781 384 icto

180 407 199 438 8
227 401 270 440 et
299 397 502 439 Marcello
535 395 806 437 adulescente
839 395 982 436 saucio
1016 398 1058 436 et
1088 396 1184 449 ipso
1217 396 1468 451 effugerunt.

1534 400 1782 442 interfectus

227 457 278 498 A.
309 455 496 496 Manlius
534 454 734 495 tribunus
766 453 970 506 militum,
1009 456 1051 494 et
1083 468 1131 495 ex
1164 454 1328 495 duobus
1359 455 1587 509 praefectis
1619 460 1781 500 socium

224 513 294 556 Μ’.
320 513 473 554 Aulius
508 513 685 567 occisus,
717 511 818 566 <L.>
850 511 1056 553 Arrenius
1089 515 1261 566 captus3
1294 515 1337 553 et
1361 513 1533 555 lictores
1561 517 1781 558 consulum

182 580 201 611 9
232 573 416 627 quinque
442 572 527 613 vivi
553 572 598 612 in
625 571 815 613 hostium
842 573 1099 624 potestatem
1134 574 1354 624 venerunt,
1387 573 1515 613 ceteri
1548 576 1622 614 aut
1655 575 1783 617 inter-

227 632 332 673 fecti
365 633 439 672 aut
470 644 564 672 cum
598 630 770 672 consule
802 630 1063 684 effugerunt3
1097 630 1287 684 equitum
1319 633 1405 671 tres
1433 633 1474 671 et
1501 631 1786 688 quadraginta

232 693 308 730 aut
338 690 380 730 in
413 689 576 743 proelio
610 693 683 730 aut
715 689 758 729 in
790 688 894 742 fuga
926 688 1182 742 ceciderunt,
1215 688 1509 743 duodeviginti
1542 690 1627 731 vivi
1661 692 1787 744 capti.

160 756 203 787 10
229 748 538 790 tumultuatum
576 748 621 788 in
661 747 812 789 castris
850 746 1007 799 fuerat,
1051 749 1098 787 ut
1142 747 1388 788 consulibus
1428 748 1542 789 irent
1584 749 1785 804 subsidio,

228 821 323 849 cum
362 807 581 848 consulem
620 809 662 846 et
699 805 834 846 filium
874 804 1049 845 alterius
1088 806 1272 847 consulis
1318 807 1485 848 saucios
1528 808 1786 862 exiguasque

225 865 409 907 infelicis
461 864 744 919 expeditionis
788 863 992 916 reliquias
1039 863 1090 904 ad
1135 865 1277 904 castra
1325 865 1542 906 venientes
1594 868 1785 908 cernunt.

158 931 199 962 11
228 938 344 966 mors
373 923 565 965 Marcelli
598 936 693 964 cum
726 921 886 975 alioqui
919 921 1177 963 miserabilis
1210 922 1302 975 fuit,
1334 926 1425 963 tum
1457 923 1568 978 quod
1599 939 1677 966 nec
1709 939 1786 979 pro

230 985 370 1024 aetate
402 1006 456 1012 —
492 982 579 1023 iam
612 981 724 1022 enim
757 981 895 1021 maior
927 980 1151 1035 sexaginta
1184 981 1307 1021 annis
1341 983 1432 1021 erat
1456 1005 1512 1010 ——
1539 996 1676 1036 neque
1708 997 1785 1037 pro

227 1042 383 1083 veteris
415 1040 642 1095 prudentia.
674 1040 790 1081 ducis
817 1041 905 1080 tam
932 1038 1155 1092 inprovide
1182 1053 1226 1080 se
1253 1038 1560 1094 conlegamque
1588 1045 1630 1081 et
1654 1055 1786 1095 prope

226 1102 364 1141 totam
396 1113 486 1140 rem
517 1099 735 1153 publicam
768 1099 812 1139 in
844 1111 1045 1151 praeceps
1078 1097 1262 1138 dederat.

346 1157 508 1199 Multos
541 1158 654 1199 circa
680 1171 810 1198 unam
836 1170 926 1197 rem
953 1156 1138 1197 ambitus
1165 1155 1350 1209 fecerim,
1384 1156 1431 1210 si,
1464 1170 1570 1211 quae
1597 1157 1647 1198 de
1673 1156 1785 1198 Mar-

157 1224 200 1255 13
229 1217 323 1258 celli
355 1220 493 1258 morte
525 1216 696 1257 variant
729 1220 936 1266 auctores,
969 1214 1113 1256 omnia
1145 1216 1294 1269 exequi
1327 1215 1466 1256 velim.
1517 1218 1564 1256 ut
1590 1216 1786 1257 omittam

225 1275 353 1329 alios,
393 1273 564 1316 Coelius
597 1275 810 1329 triplicem
843 1277 988 1329 gestae
1021 1274 1081 1314 rei
1114 1274 1366 1314 memoriam
1397 1273 1501 1314 edit:
1540 1288 1669 1315 unam
1700 1277 1786 1315 tra-

226 1333 358 1374 ditam
391 1334 526 1387 fama,
571 1333 754 1374 alteram
787 1333 992 1387 scriptam
1024 1332 1271 1373 laudatione
1309 1332 1386 1386 fili,
1430 1333 1502 1386 qui
1539 1333 1600 1373 rei
1639 1335 1784 1388 gestae

227 1391 488 1445 interfuerit,
525 1392 717 1445 tertiam,
749 1406 875 1446 quam
914 1391 1005 1444 ipse
1037 1405 1114 1444 pro
1148 1391 1354 1445 inquisita
1385 1405 1432 1432 ac
1467 1391 1548 1432 sibi
1581 1394 1786 1445 conperta

218 1601 295 1636 Liv.
310 1599 399 1636 l‘asst
411 1613 493 1635 zum
502 1601 624 1635 Ablat.
641 1600 705 1635 des
717 1600 964 1635 Gerundiums

218 1647 397 1683 zuweilen
423 1648 488 1682 das
515 1647 672 1692 Subjekt
700 1647 738 1682 in
764 1647 829 1682 der
853 1647 964 1682 Form

219 1695 284 1730 der
309 1695 532 1730 Pronomina
556 1695 648 1739 ipse,
674 1695 788 1737 solus,
816 1696 965 1739 quisque

220 1742 308 1777 oder
346 1742 527 1777 einzelner
565 1741 795 1776 Zahlwo’rter
830 1743 963 1784 treten,

218 1789 256 1823 in
288 1787 562 1834 Nachahmung
597 1789 660 1822 des
700 1788 964 1823 Griechischen

218 1837 267 1883 τῷ
295 1829 409 1875 αὐτὸς
434 1839 558 1871 ποιεῖν
584 1835 648 1878 26,
677 1840 738 1879 39,
766 1840 786 1869 5
822 1837 894 1879 ipse
921 1856 963 1860 -

218 1883 402 1928 eaeiyendo.
429 1903 473 1908 -—
499 1886 664 1927 exparte
690 1899 734 1911 =
757 1893 827 1928 pro
848 1885 965 1927 parte,

213 1940 284 1974 pro
310 1930 411 1964 virili
428 1933 546 1974 parte.
573 1950 620 1954 —

268 1981 300 2011 7.
326 1978 545 2019 transfixum
575 1997 618 2001 —
646 1977 894 2020 prolabentem
921 1996 964 2001 —-

218 2024 490 2068 moribundum]
530 2023 685 2058 beachte
718 2023 777 2057 dic
808 2023 846 2057 in
880 2023 964 2057 dem

218 2070 432 2105 dreifachen
466 2070 633 2105 Attribut
669 2069 838 2114 liegende
872 2071 964 2103 Aus-

218 2116 372 2162 malung
410 2117 475 2151 der
514 2116 709 2152 Sitnation.
749 2116 815 2159 26,
845 2121 903 2159 16,
933 2121 963 2151 7.

218 2164 340 2199 urbem
383 2165 658 2208 praevalidam,
698 2165 963 2208 propinquam,

216 2212 415 2246 inimicam.
463 2224 466 2227 ·

266 2262 298 2293 et
337 2258 425 2303 ipsi]
476 2257 535 2292 die
585 2257 797 2301 Beziehung
846 2256 964 2292 dieser

216 2304 346 2340 Worte
372 2305 422 2340 ist
447 2303 706 2348 unbestimmt,
739 2305 791 2339 sie
817 2304 963 2338 werden

218 2351 279 2386 bei
310 2351 388 2386 Liv.
428 2351 620 2386 mehrfach
660 2351 726 2385 auf
761 2351 865 2385 einen
898 2362 964 2394 gar

217 2397 322 2433 nicht
360 2399 703 2443 ausgesprochenen
734 2397 876 2442 Begriff
904 2398 963 2432 be-

217 2456 344 2490 zogen.
389 2445 449 2489 26,
472 2450 526 2490 19,
550 2450 589 2479 11
618 2446 768 2480 oriundi
793 2448 824 2480 et
844 2446 916 2489 ipsi
941 2456 964 2479 α

218 2492 384 2528 Phocaea
407 2496 503 2528 suut.

268 2543 323 2575 10.
349 2540 608 2574 tumultuatum
627 2558 671 2564 —
691 2538 828 2584 fuerat]
854 2549 964 2581 „man

217 2586 322 2621 hatte
367 2587 445 2621 sich
487 2587 655 2621 larmend
696 2585 846 2621 beeilt“.
890 2584 964 2620 Der

217 2633 502 2678 unpersonliche
523 2633 718 2668 Gebrauch
739 2643 812 2667 von
832 2633 962 2667 tumul-

217 2681 319 2714 tuari
333 2680 388 2715 als
401 2680 527 2715 Passiv
542 2680 593 2715 ist
605 2681 664 2715 bei
673 2680 751 2715 Liv.
766 2679 963 2715 besonders

216 2726 358 2771 h'aufig3
396 2727 589 2762 bisweilen
626 2728 692 2762 hat
723 2738 761 2762 er
800 2738 854 2769 es,
893 2727 962 2760 wie

218 2773 333 2807 sehon
348 2773 472 2816 Casar,
493 2775 547 2809 als
561 2774 774 2820 Deponens:
791 2785 820 2808 c.
835 2776 891 2816 28,
909 2776 963 2808 10.

216 2820 342 2865 viqiles
367 2840 409 2845 —
437 2822 665 2856 tumultuari.

265 2870 320 2901 11.
354 2867 510 2912 alioqui]
545 2870 712 2911 „sonst“,
745 2868 783 2902 in
808 2866 962 2902 anderer

154 1459 197 1489 14
225 1450 374 1493 adfert.
420 1454 606 1492 ceterum
639 1451 701 1491 ita
732 1450 848 1492 fama
879 1450 1027 1499 variat,
1059 1452 1107 1490 ut
1138 1452 1282 1490 tamen
1307 1449 1500 1504 plerique
1526 1449 1608 1491 loci
1635 1463 1781 1504 specu-

1036 1597 1225 1640 Hinsicht3
1251 1598 1312 1633 bei
1330 1598 1407 1632 Liv.
1429 1598 1480 1632 im
1506 1610 1648 1643 ganzen
1675 1600 1784 1643 emal,

1036 1646 1096 1680 bei
1129 1644 1258 1689 Casar,
1294 1645 1421 1680 Cicero
1462 1644 1582 1690 nicht,
1616 1647 1783 1691 dagegen

1037 1691 1098 1727 bei
1124 1692 1267 1727 'alteren
1291 1691 1480 1728 Dichtern.

1091 1740 1132 1773 in
1181 1749 1356 1783 praeceps
1410 1739 1572 1785 dederat]
1624 1739 1692 1774 wie
1741 1740 1783 1774 iu

1030 1786 1237 1831 periculum
1270 1787 1358 1821 dare
1388 1786 1569 1831 gebildet,
1602 1786 1636 1829 6,
1665 1790 1720 1830 25,
1751 1791 1783 1821 3.

1037 1834 1126 1868 (lata
1151 1834 1190 1867 in
1217 1836 1290 1868 tam
1310 1834 1549 1878 praecipitem
1569 1844 1692 1868 casum
1714 1844 1782 1868 res-

1031 1880 1196 1925 publica.

1088 1931 1141 1962 12.
1176 1928 1274 1962 circa
1310 1938 1422 1962 unam
1459 1927 1546 1973 rem]
1587 1928 1684 1962 eirca
1721 1927 1783 1962 bei

1038 1974 1252 2009 Klassikern
1278 1986 1346 2008 nui·
1371 1973 1565 2017 raumlich,
1591 1974 1698 2019 fangt
1722 1973 1782 2009 bei

1037 2021 1116 2056 Liv.
1144 2032 1208 2064 an,
1241 2021 1311 2056 den
1337 2021 1442 2055 Kreis
1475 2033 1517 2055 zu
1547 2021 1780 2065 bezeichnen,

1036 2068 1075 2102 in
1095 2068 1179 2103 dem
1200 2068 1277 2103 sich
1299 2068 1379 2103 eine
1398 2068 1599 2113 Handlung
1623 2067 1782 2112 bewegt,

1037 2115 1148 2150 sowie
1193 2115 1275 2150 eine
1320 2115 1531 2160 Beziehung
1574 2115 1640 2149 auf
1675 2114 1781 2148 einen

1038 2162 1288 2206 Gegenstand.
1333 2162 1393 2204 28,
1421 2166 1452 2203 7,
1473 2167 1504 2196 9.
1531 2163 1630 2197 circa
1657 2161 1780 2205 Opun-

1037 2212 1104 2290 gem
1135 2219 1203 2244 res:
1239 2208 1298 2243 die
1326 2209 1469 2243 Sachen
1499 2208 1536 2242 in
1563 2207 1687 2252 Bezug
1718 2206 1784 2241 auf

1096 2267 1149 2290 uS.

1070 2268 1255 2347 pambuus]
1294 2300 1558 2343 Umschweife,
1599 2298 1780 2335 weitli‘mf-

1036 2349 1113 2394 tige
1158 2348 1631 2393 Auseinandersetznngen,
1679 2348 1781 2382 sonst

1037 2396 1130 2431 auch
1156 2395 1216 2439 28,
1243 2400 1299 2437 41,
1327 2399 1346 2430 8
1377 2396 1597 2430 circumitus.

1084 2454 1175 2487 quae
1199 2443 1347 2477 variant
1379 2441 1555 2487 auctores]
1589 2451 1686 2485 „was
1719 2439 1779 2474 die

1037 2489 1368 2524 Gewithrsmiinner
1400 2487 1679 2523 verschiedenes
1715 2487 1778 2521 be-

1036 2536 1214 2571 ricliten“.
1242 2537 1396 2579 variare,
1416 2535 1496 2570 hier
1510 2533 1692 2578 transitiv,
1712 2533 1779 2567 hat

1036 2583 1113 2618 Liv.
1130 2584 1221 2618 eben
1236 2594 1275 2618 so
1292 2583 1345 2618 oft
1354 2581 1581 2621 intransitiv3
1598 2579 1672 2625 vgl.
1688 2583 1706 2622 ἓ
1725 2584 1777 2615 14.

1036 2631 1158 2666 variat
1184 2647 1227 2659 =
1255 2628 1456 2665 schwankt.

1086 2682 1138 2712 14.
1167 2681 1207 2712 ut
1231 2676 1363 2721 tamen]
1397 2687 1439 2709 zu
1472 2674 1555 2708 dem
1581 2673 1777 2708 beschran-

1035 2724 1181 2759 kenden
1212 2725 1265 2758 ita
1292 2743 1333 2748 -—
1360 2726 1400 2756 ut
1430 2721 1521 2755 wird
1553 2719 1694 2756 sowohl
1724 2719 1776 2754 im

1036 2772 1158 2806 ersten
1185 2771 1238 2804 als
1263 2770 1312 2804 im
1334 2769 1487 2803 zweiten
1507 2767 1636 2803 Gliede
1658 2770 1777 2801 tamen

1034 2817 1288 2862 hinzugeffigt.
1309 2815 1368 2857 22,
1390 2820 1444 2858 61,
1466 2819 1497 2850 5.
1523 2816 1577 2849 ita
1604 2814 1777 2848 admissos

1035 2875 1120 2908 esse,
1152 2874 1196 2898 ne
1227 2867 1345 2898 tamen
1376 2864 1422 2898 iis
1446 2865 1590 2897 senatus
1616 2861 1774 2896 claretur.
