1926 3219
640 115 783 149 LIBER,
808 113 954 149 XXVII.
1005 113 1107 149 CAP.
1139 118 1190 149 16.
1635 112 1688 154 31

140 137 165 156 a.
189 129 240 156 Ch.
260 130 319 155 209.

138 222 294 278 positis
333 222 462 264 armis
505 222 745 264 venientem
779 221 831 264 ad
863 221 1079 263 consulem
1111 220 1234 262 miles
1268 220 1419 261 obvius
1452 220 1690 261 obtruncat.

137 282 211 324 alii
251 281 358 322 alios
391 280 554 334 passim
588 281 678 322 sine
711 280 952 322 discrimine
985 282 1174 321 armatos
1206 279 1464 332 inermisque
1498 279 1690 331 caedunt,

137 339 517 394 Carthaginienses
550 339 888 394 Tarentinosque
928 339 1098 392 pariter.
1161 337 1321 378 Bruttii
1361 351 1526 391 quoque
1567 337 1690 378 multi

133 398 297 452 passim
335 397 568 451 interfecti,
607 413 680 439 seu
718 412 793 452 per
830 411 1031 450 errorem,
1072 410 1144 437 seu
1184 399 1324 437 vetere
1362 396 1406 436 in
1448 409 1519 436 eos
1558 395 1688 436 insito

138 456 247 510 odio,
281 470 354 497 seu
388 456 440 496 ad
472 456 725 510 proditionis
758 456 930 508 famam,
962 457 1010 495 ut
1036 454 1077 494 vi
1110 455 1252 507 potius
1286 457 1412 507 atque
1439 454 1568 495 armis
1595 468 1688 507 cap-

134 518 226 556 tum
268 514 499 555 Tarentum
537 515 767 566 videretur,
814 511 1155 566 extinguendam.
1230 515 1321 552 tum
1368 512 1421 552 ab
1467 513 1594 553 caede
1639 512 1690 553 ad

135 572 420 626 diripiendam
447 573 595 614 urbem
623 572 872 612 discursum.
918 570 1100 624 triginta
1120 569 1241 610 milia
1262 570 1480 610 servilium
1502 571 1690 623 capitum

136 631 333 673 dicuntur
365 633 504 684 capta,
536 630 686 684 ingens
720 628 889 683 argenti
921 628 986 669 vis
1019 627 1121 668 facti
1154 628 1420 682 signatique,
1453 629 1544 669 auri
1577 630 1690 670 octo-

135 690 256 744 ginta
286 690 372 730 tria
402 688 522 729 milia
552 687 712 741 pondo,
752 688 877 742 signa
907 686 1102 740 tabulae,
1139 701 1270 740 prope
1302 690 1350 727 ut
1382 686 1690 740 Syracusarum

136 749 386 789 ornamenta
411 746 698 799 aequaverint.
749 745 822 787 sed
849 745 1008 787 maiore
1037 745 1178 786 animo
1207 745 1375 799 generis
1410 745 1498 786 eius
1531 745 1689 799 praeda

135 805 344 847 abstinuit
368 804 526 845 Fabius
554 818 677 858 quam
703 803 949 858 Marcellus3
983 804 1054 858 qui
1080 803 1367 859 interrogant-i
1403 804 1556 858 scriba,
1589 804 1690 858 quid

135 863 225 905 fieri
259 863 394 916 signis
426 863 559 903 vellet
590 863 779 917 ingentis
813 862 1123 917 magnitudinis
1160 886 1208 891 —
1245 862 1287 903 di
1320 864 1438 915 sunt,
1471 877 1547 903 suo
1581 863 1690 916 quis-

137 935 216 976 que
260 921 412 962 habitu
456 921 501 962 in
544 921 719 962 modum
763 921 1048 977 pugnantium
1091 921 1270 962 formati
1310 945 1378 974 —,
1417 921 1516 962 deos
1557 921 1689 962 iratos

132 979 374 1021 Tarentinis
418 980 602 1034 relinqui
646 980 784 1021 iussit.
852 993 999 1021 murus
1039 979 1156 1030 inde,
1201 979 1273 1034 qui
1312 980 1462 1020 urbem
1501 979 1552 1020 ab
1593 994 1690 1021 arce

133 1038 378 1092 dirimebat,
411 1037 576 1079 dirutus
610 1041 676 1080 est
709 1054 756 1080 ac
789 1038 1002 1079 disiectus.

252 1096 365 1137 Dum
398 1096 502 1139 haec
529 1097 703 1139 Tarenti
736 1100 932 1152 aguntur,
963 1096 1196 1150 Hannibal,
1227 1096 1292 1149 iis,
1325 1096 1397 1150 qui
1429 1095 1692 1138 Cauloneam

139 1155 404 1208 obsidebant,
430 1156 475 1196 in
502 1155 759 1198 deditionem
787 1155 983 1209 acceptis,
1009 1155 1154 1196 audita
1175 1155 1495 1210 oppugnatione
1516 1154 1691 1195 Tarenti

137 1214 227 1255 dies
268 1217 499 1268 noctesque
540 1215 697 1256 cursim
737 1214 908 1270 agmine
950 1216 1063 1266 acto,
1102 1228 1197 1254 cum
1235 1213 1446 1254 festinans
1480 1213 1533 1255 ad
1565 1228 1690 1267 opem

130 1272 351 1314 ferendam
384 1275 553 1327 captam
586 1274 735 1314 urbem
769 1273 967 1326 audisset,
997 1275 1068 1326 „et
1098 1271 1283 1314 Romani
1316 1286 1439 1313 suum
1470 1271 1691 1313 Hanniba—

132 1331 243 1372 lem“
280 1331 421 1385 inquit
457 1331 659 1385 „habena
704 1332 852 1372 eadem
897 1346 981 1385 qua
1024 1345 1271 1385 ceperamus
1317 1333 1407 1371 arte
1458 1330 1693 1372 Tarentum

135 1388 390 1430 amisimus“.
440 1404 494 1430 ne
525 1392 670 1430 tamen
702 1390 910 1444 fugientis
942 1390 1070 1430 modo
1104 1389 1366 1430 convertisse
1399 1403 1554 1444 agmen
1579 1389 1690 1430 vide-

132 1450 261 1502 retur,
288 1462 369 1501 quo
399 1448 651 1489 constiterat
675 1447 784 1499 loco,
817 1448 1002 1502 quinque
1029 1448 1148 1488 milia
1173 1447 1306 1489 ferme
1335 1448 1388 1488 ab
1418 1447 1522 1488 urbe
1548 1448 1692 1501 posuit

133 1509 284 1548 castra.
355 1505 417 1547 ibi
461 1521 619 1561 paucos
664 1509 855 1548 moratus
899 1506 987 1547 dies
1032 1505 1333 1560 Metapontum
1378 1520 1469 1547 sese
1520 1507 1692 1560 recepit.

132 1564 229 1606 inde
267 1564 373 1606 duos
412 1564 733 1620 Metapontinos
775 1580 870 1606 cum
907 1565 1062 1606 litteris
1101 1565 1344 1618 principum
1377 1565 1467 1606 eius
1500 1565 1688 1606 civitatis

134 1623 187 1665 ad
217 1623 400 1665 Fabium
432 1624 665 1666 Tarentum
705 1624 857 1676 mittit,
896 1623 1022 1664 fidem
1055 1624 1108 1664 ab
1143 1624 1316 1665 consule
1349 1626 1598 1677 accepturos
1630 1625 1691 1664 in-

133 1784 266 1819 ebenso
310 1784 540 1828 unbekannt,
584 1786 654 1820 wie
700 1786 875 1821 Carthalo

131 1831 257 1866 selbst.

181 1882 212 1911 6.
240 1878 308 1912 aliz·
328 1877 434 1922 alios]
473 1877 552 1913 eine
572 1878 748 1923 Haufung
769 1890 875 1922 asyn-

134 1924 319 1958 detischer
351 1923 510 1958 Glieder.
574 1924 875 1960 Sinnverwandte

132 1971 335 2013 Adverbia,
372 1982 444 2005 von
482 1971 600 2006 denen
644 1973 710 2007 das
748 1972 876 2007 zweite

136 2018 201 2052 das
239 2019 334 2054 erste
368 2019 534 2062 erganzt‚
573 2019 767 2054 verbindet
796 2019 874 2054 Liv.

135 2064 190 2098 oft
215 2076 259 2099 zu
283 2065 568 2109 asyndetischen
594 2066 751 2101 Paaren:
784 2067 875 2101 clam

131 2115 244 2154 nocte,
264 2115 364 2146 nocte
385 2112 487 2154 clam,
506 2116 608 2148 nocte
625 2114 778 2156 silentio,
800 2114 876 2148 luce

125 2159 266 2203 palam,
287 2159 378 2193 clam
394 2159 534 2202 furtim,
552 2161 689 2204 passim
706 2161 783 2195 sine
803 2161 875 2195 dis-

133 2215 282 2240 c‘rzmzvne
306 2218 341 2239 u.
368 2216 400 2240 a.

179 2262 241 2286 seu
279 2263 346 2296 per
389 2253 557 2298 errrorem]
611 2254 766 2289 beachte
816 2254 875 2288 die

134 2297 326 2334 Variation
352 2299 416 2333 der
435 2299 714 2336 Konstruktion.
743 2322 786 2326 —
809 2312 876 2345 per

135 2354 286 2379 errorem
301 2363 345 2374 ==
353 2357 428 2390 par
442 2357 576 2390 errem,
596 2347 657 2382 bei
673 2348 752 2382 Liv.
775 2347 875 2382 steht

133 2391 260 2435 h'aufig
274 2403 341 2435 per
360 2405 420 2427 zur
434 2394 588 2438 Angabe
610 2394 674 2428 des
695 2394 872 2429 Grandes.

133 2438 207 2482 vgl.
235 2438 295 2481 26,
316 2442 372 2480 27,
391 2442 422 2475 8.
445 2451 513 2484 per
537 2441 642 2476 iram.

182 2488 212 2520 7.
238 2486 422 2520 servilium
459 2488 636 2533 capitum]
681 2491 793 2532 caput
830 2505 874 2517 =

133 2530 286 2575 Person,
318 2532 367 2566 ist
392 2533 475 2566 sehr
499 2534 634 2577 h'aufig.
671 2533 731 2577 29,
758 2539 814 2577 29,
842 2540 873 2570 3.

136 2577 327 2613 liberorum
351 2589 598 2624 servorumque
623 2582 793 2624 capitum,

183 2626 215 2658 8.
228 2626 363 2660 maiore
370 2627 508 2672 animo]
530 2626 664 2661 andere
673 2627 875 2671 berichten,

137 2669 216 2705 dass
225 2670 358 2707 Fabius
371 2671 645 2708 denMarcellus
659 2675 756 2709 noch
770 2675 875 2709 iiber-

134 2716 222 2770 bot·
245 2717 320 2751 und
359 2719 440 2753 eine
477 2719 774 2756 Kolossalstatue
811 2722 876 2756 des

136 2764 283 2808 Jupiter
295 2766 315 2806 (
310 2765 426 2808 siquis
431 2766 469 2799 in
472 2769 587 2810 yemis
594 2779 652 2803 ma
654 2769 786 2813 ynitud
790 2769 862 2802 im's
858 2772 877 2812 )

135 2821 204 2844 nur
234 2810 474 2855 zuri'ickliess,
500 2814 584 2847 weil
617 2826 656 2850 er
690 2815 742 2850 sie
772 2815 877 2850 nicht

135 2856 376 2893 fortschaffen
400 2857 550 2894 konnte.

995 1786 1085 1830 quid
1108 1786 1189 1828 fieri
1212 1786 1328 1830 simzis
1353 1786 1467 1831 vellet]
1500 1797 1599 1828 „was
1631 1797 1692 1830 ge-

949 1833 1111 1867 schehen
1144 1832 1236 1867 solle
1268 1832 1377 1874 mit“;
1409 1834 1524 1876 siquis
1558 1833 1607 1867 ist
1638 1833 1691 1867 in-

949 1879 1212 1914 strumentaler
1237 1878 1400 1921 Ablativ,
1429 1879 1499 1914 den
1526 1879 1604 1914 Liv.
1631 1879 1691 1923 33,

949 1930 1005 1969 27,
1035 1930 1094 1967 10;
1134 1925 1194 1969 34,
1220 1929 1275 1969 24,
1303 1930 1323 1960 3
1349 1927 1438 1970 quid
1459 1927 1628 1969 futurum
1648 1948 1690 1952 -

948 1973 1051 2008 nobis
1077 1976 1126 2007 est
1145 1973 1362 2017 gebraucht‚
1390 1975 1492 2008 sonst
1521 1973 1615 2007 auch
1634 1974 1693 2008 de.-

949 2020 1009 2064 26,
1030 2024 1085 2063 33,
1112 2023 1165 2054 13.
1201 2021 1244 2054 cle
1280 2020 1327 2054 iis
1358 2020 1463 2054 rebus
1493 2020 1582 2064 quid
1613 2021 1694 2063 fieri

947 2067 1064 2102 velitis
1088 2077 1174 2110 royo
1201 2079 1236 2101 u.
1263 2070 1294 2101 ὃ.

995 2114 1037 2148 in
1061 2113 1220 2158 modum]
1237 2114 1408 2155 =moclo,
1434 2124 1508 2148 was
1530 2114 1608 2148 sich
1633 2114 1693 2149 bei

946 2160 1025 2196 Liv.
1065 2160 1161 2195 &fter
1195 2160 1326 2203 findet3
1366 2160 1448 2194 hier
1478 2162 1518 2195 in
1550 2161 1694 2195 modum

947 2219 1077 2252 wegen
1112 2208 1279 2250 formati,
1319 2207 1384 2241 das
1416 2208 1507 2242 stets
1544 2208 1613 2242 mit
1652 2209 1694 2242 in

948 2265 978 2289 e.
1012 2265 1132 2289 accus
1164 2254 1377 2289 verbunden
1408 2254 1518 2296 wird3
1550 2254 1625 2299 vgl.
1652 2255 1693 2289 in

947 2311 1030 2336 suos
1054 2312 1168 2336 mores
1191 2302 1348 2344 formare
1373 2313 1406 2335 u.
1435 2312 1467 2336 a.

995 2358 1026 2383 c.
1054 2348 1113 2392 16,
1146 2352 1273 2383 9-16,
1309 2347 1562 2382 Hannibals
1595 2359 1692 2383 ver-

947 2394 1692 2440 geblioherVersuch,denFabius

947 2454 997 2476 zu
1022 2441 1289 2477 iiberlisten.

996 2493 1049 2524 10.
1078 2490 1220 2534 aymine
1231 2488 1326 2533 acto]
1341 2488 1466 2523 Verba
1479 2488 1547 2522 mit
1555 2487 1693 2531 Objekt

948 2536 1120 2579 gleichen
1140 2535 1321 2570 Stammes
1341 2535 1489 2569 wendet
1502 2534 1580 2570 Liv.
1601 2535 1691 2568 hau-

947 2583 998 2627 fig
1017 2593 1074 2616 an.
1107 2582 1168 2626 21,
1189 2586 1245 2626 61,
1267 2586 1298 2617 4.
1331 2583 1466 2626 raptim
1487 2601 1530 2606 —
1551 2583 1694 2625 (tymim

948 2632 1036 2663 acto.
1057 2628 1131 2672 vgl.
1143 2632 1273 2663 sectam
1283 2630 1394 2673 sequi,
1407 2629 1554 2670 facinus
1563 2629 1692 2671 facere,

946 2676 1149 2710 servitutem
1173 2676 1305 2710 servire
1329 2687 1362 2709 u.
1390 2685 1422 2709 a.

998 2725 1051 2757 11.
1079 2722 1123 2756 ab
1162 2722 1264 2767 urbe]
1309 2720 1473 2755 namlich
1517 2720 1551 2755 T
1550 2725 1691 2763 arento3

949 2768 1061 2812 nicht,
1076 2768 1144 2803 wie
1160 2770 1263 2803 sonst
1277 2785 1320 2797 =
1335 2769 1379 2803 ab
1400 2767 1536 2811 Ro=ma3
1556 2768 1692 2803 ebenso

949 2815 1009 2857 26,
1030 2819 1086 2860 39,
1113 2819 1133 2850 6
1159 2816 1362 2859 quindecim
1390 2816 1494 2850 milia
1518 2815 1627 2858 ferme
1646 2816 1691 2850 ab

949 2863 1045 2897 urbe.

1717 279 1737 308 6

1720 1155 1762 1184 10

1719 1389 1759 1420 11

1718 1565 1759 1595 12
