1926 3219
176 113 205 132 a.
226 106 277 133 Ch.
299 107 358 132 209.
681 91 823 127 LIBER-
848 92 994 128 XXVII.
1045 92 1145 127 CAP.
1175 95 1228 126 12.
1674 91 1729 133 23

178 204 339 255 torum3
372 199 504 241 additi
537 203 662 241 erant
693 199 961 241 Bruttiorum
994 199 1180 240 indidem
1212 198 1437 253 perfugae,
1475 202 1517 239 et
1555 199 1730 240 audacia

179 263 220 300 et
253 259 431 301 audendi
464 259 607 300 omnia
639 259 962 300 necessitatibus
995 272 1136 311 pares:
1170 257 1278 298 hanc
1311 271 1484 298 manum
1518 257 1570 298 ad
1602 256 1726 298 Brut-

178 318 288 358 tium
319 317 502 370 primum
536 331 685 372 agrum
718 316 1062 371 depopulandum
1095 316 1191 357 duci
1224 316 1368 368 iussit,
1407 315 1502 356 inde
1536 315 1588 356 ad
1621 315 1729 357 Cau-

177 375 347 417 loneam
374 376 521 416 urbem
548 375 893 430 oppugnandam.
937 375 1147 428 imperata
1172 388 1258 415 non
1284 374 1450 428 inpigre
1483 373 1621 415 solum
1655 373 1729 415 sed

177 434 308 475 etiam
342 434 463 475 avide
498 435 662 475 executi
693 434 866 486 direptis
898 433 1143 487 fugatisque
1176 433 1409 473 cultoribus
1443 433 1535 487 agri
1562 446 1726 473 summa

176 493 217 533 vi
250 493 398 534 urbem
433 493 754 547 oppugnabant.
809 490 1036 531 Marcellus
1068 492 1110 530 et
1142 490 1331 531 consulis
1364 491 1520 531 litteris
1553 491 1726 544 excitus,

174 553 220 591 et
258 552 357 605 quia
396 551 457 592 ita
496 551 718 591 induxerat
757 549 800 589 in
839 549 1028 588 animum
1059 548 1274 588 neminem
1307 547 1456 588 ducem
1488 548 1730 590 Romanum

176 613 266 650 tam
310 624 456 664 parem
499 606 733 650 Hannibali
776 620 904 660 quam
948 621 992 647 se
1036 619 1144 658 esse,
1189 606 1262 647 ubi
1305 606 1489 659 primum
1532 607 1573 646 111
1614 608 1729 661 agris

177 668 325 721 pabuli
364 667 486 721 copia
522 666 624 719 fuit,
663 679 712 705 ex
744 664 936 705 hibernis
967 663 1184 718 profectus
1217 665 1270 705 ad
1302 663 1534 705 Canusium
1566 664 1730 706 Hanni-

177 726 264 767 bali
303 725 494 767 occurrit.
563 723 827 764 sollicitabat
863 723 915 764 ad
954 723 1236 764 defectionem
1269 721 1510 765 Canusinos
1542 722 1727 778 Poenus3

174 787 362 825 ceterum
388 785 437 823 ut
462 782 802 836 adpropinquare
823 781 1073 823 Marcellum
1101 781 1275 834 audivit,
1301 784 1442 822 castra
1466 782 1562 822 inde
1583 783 1729 825 movit.

174 843 325 895 aperta
358 843 451 882 erat
481 841 600 895 regio
634 841 723 881 sine
755 840 855 881 ullis
884 839 936 881 ad
962 839 1138 881 insidias
1165 840 1361 895 latebris3
1393 840 1538 894 itaque
1565 841 1608 881 in
1634 841 1728 883 loca

175 899 367 941 saltuosa
405 899 551 940 cedere
589 899 685 940 inde
725 899 875 953 coepit.
943 898 1173 940 Marcellus
1213 898 1407 953 vestigiis
1441 899 1634 940 instabat
1665 914 1728 941 ca-

173 959 347 1012 straque
375 958 526 999 castris
553 957 801 1000 conferebat
827 961 870 998 et
897 971 1022 1012 opere
1054 957 1242 1011 perfecto
1276 957 1486 1011 extemplo
1519 958 1562 998 in
1595 958 1729 999 aciem

171 1016 365 1070 legiones
398 1016 614 1058 educebat.
665 1016 888 1057 Hannibal
913 1016 1136 1057 turmatim
1162 1030 1238 1070 per
1264 1016 1427 1071 equites
1453 1015 1728 1071 peditumque

173 1074 431 1116 iaculatores
451 1075 562 1116 levia
589 1075 825 1116 certamina
852 1089 994 1116 serens
1021 1088 1166 1116 casum
1194 1075 1419 1116 universae
1444 1088 1614 1129 pugnae
1641 1090 1729 1117 non

171 1134 461 1175 necessarium
493 1134 686 1176 ducebat.
747 1135 911 1175 tractus
944 1135 1009 1174 est
1038 1135 1182 1174 tamen
1215 1134 1268 1175 ad
1299 1133 1360 1187 id,
1399 1133 1511 1187 quod
1549 1134 1727 1184 vitabat,

173 1194 400 1233 cert-amen.
451 1195 576 1234 nocte
602 1205 903 1247 praegressum
931 1192 1179 1246 adsequitur
1204 1192 1309 1234 locis
1335 1192 1478 1246 planis
1507 1206 1554 1233 ac
1580 1194 1729 1246 paten-

167 1250 287 1291 tibus
326 1250 570 1303 Marcellus,
609 1254 751 1292 castra
789 1251 886 1292 inde
922 1253 1153 1305 ponentem
1191 1251 1418 1306 pugnando
1458 1250 1646 1304 undique
1686 1251 1728 1291 in

172 1309 411 1350 munitores
451 1309 652 1362 operibus
684 1309 894 1363 prohibet.
956 1310 1019 1350 ita
1050 1310 1174 1364 signa
1207 1310 1374 1351 conlata
1406 1312 1728 1364 pugnatumque

168 1367 276 1408 totis
307 1368 452 1422 copiis,
485 1370 538 1421 et,
569 1381 664 1409 cum
697 1368 782 1408 iam
815 1382 900 1409 nox
931 1368 1124 1422 instaret,
1155 1367 1293 1408 Marte
1326 1381 1460 1422 aequo
1494 1367 1727 1409 discessum

217 1529 393 1575 indidem]
505 1529 772 1571 „ebendaher“,
815 1529 848 1562 d.
875 1529 911 1564 h.

169 1585 236 1609 aus
258 1575 460 1618 Bruttium3
488 1575 708 1611 entstanden
735 1586 799 1610 aus
819 1576 912 1611 idem

169 1622 244 1656 und
269 1622 327 1664 de,
354 1623 423 1657 wie
450 1623 599 1658 aliunde
624 1634 689 1657 aus
715 1623 811 1657 alius
836 1623 910 1656 und

1026 1530 1192 1573 peditum
1211 1530 1445 1576 iaculatores]
1474 1548 1518 1560 =
1543 1533 1725 1574 πεζακον-

984 1578 1120 1619 τισταίς
1148 1576 1242 1611 auch
1269 1577 1328 1620 21,
1351 1582 1404 1620 52,
1427 1581 1460 1612 9.
1482 1579 1647 1622 peditum
1670 1579 1725 1614 ia·

984 1623 1208 1658 caelatoribus
1234 1624 1352 1658 neben
1378 1624 1436 1667 21,
1464 1629 1520 1669 46,
1541 1630 1561 1660 3
1586 1626 1725 1661 iacula-

167 1668 228 1710 de;
266 1670 376 1704 meist
416 1669 485 1704 mit
517 1669 779 1714 Hinzuftignng
811 1669 910 1704 eines

169 1714 427 1751 Ortsnamens:
466 1717 602 1760 25,15,
625 1720 643 1751 7
677 1717 836 1751 indidem
867 1727 911 1751 eas

168 1763 314 1797 Achaia
326 1764 491 1806 oriundi,
507 1764 603 1798 doch
617 1763 712 1798 auch
727 1762 786 1806 23,
797 1767 853 1805 46,
867 1767 908 1797 12

166 1808 264 1844 ohne
285 1809 504 1844 Ortsnamen
530 1811 618 1844 civis
642 1810 802 1844 indidem
822 1813 909 1845 erat.

218 1859 248 1890 7.
288 1857 342 1890 ita
366 1857 564 1903 ipduoeerat
582 1857 621 1891 in
643 1857 820 1902 animum]
848 1867 910 1899 „er

168 1901 274 1937 hatte
295 1903 353 1937 die
374 1897 677 1948 Uberzeugung“.
722 1903 792 1938 Zur
812 1904 909 1938 Kon-

168 1950 354 1984 struktion
379 1951 452 1994 vgl.
480 1961 508 1984 c.
530 1954 561 1991 9,
584 1954 615 1984 9.

214 1997 343 2039 pabuli
380 1998 484 2041 copia
519 1997 609 2043 fuit]
649 1997 908 2042 Bezeichnung

167 2042 232 2077 des
263 2043 479 2088 Friihlings3
518 2044 577 2086 23,
598 2047 654 2087 48,
678 2049 708 2078 1.
741 2045 837 2079 altae
867 2045 908 2079 in

165 2090 343 2134 seqetibus
367 2091 495 2125 herbae
515 2092 694 2135 pabulum
715 2092 906 2135 praebent:

165 2136 230 2170 des
258 2136 536 2180 spatsommers.

215 2187 246 2218 8.
285 2185 362 2218 sine
386 2186 473 2219 ullis
498 2185 548 2219 ad
568 2185 723 2219 insidias
743 2184 906 2230 latebris]

167 2240 197 2264 0.
219 2233 275 2273 41,
301 2234 322 2265 4
343 2232 438 2266 nihil
474 2251 519 2256 —-
557 2233 606 2266 ad
634 2232 791 2266 insidias
822 2232 906 2266 late-

165 2276 326 2313 brarum.
376 2278 466 2313 Dars
499 2279 564 2313 das
591 2278 662 2313 den
689 2278 819 2313 Zweck
843 2278 906 2312 be—

169 2323 390 2359 zeichnende
422 2325 551 2360 zweite
585 2325 802 2360 Substantiv
833 2325 908 2360 ein-

165 2368 254 2404 fach
290 2371 359 2406 mit
395 2373 443 2407 ad
479 2372 672 2417 beigeftigt
707 2372 815 2414 wird,
859 2372 909 2406 ist

169 2416 286 2451 selbst
308 2417 369 2453 bei
393 2418 472 2453 Liv.
499 2419 796 2464 ungewohnlich.

217 2467 248 2497 9.
287 2465 447 2510 vestistis
476 2466 654 2512 instabat]
685 2466 769 2501 dem
796 2465 906 2501 Sinne

167 2510 263 2544 nach
280 2527 324 2539 =
338 2513 496 2556 restiyiis
509 2513 643 2548 institit
656 2514 754 2558 sequi
769 2525 796 2548 0.
808 2517 840 2554 2,
851 2517 905 2547 10.

167 2555 246 2591 Liv.
285 2560 370 2603 sagt
413 2559 536 2603 gleieh
578 2559 704 2604 haufig
746 2561 907 2605 vestigiiis

166 2602 305 2638 instare
329 2605 404 2639 und
430 2607 590 2650 vestigiis
614 2607 787 2641 insistere.

210 2652 409 2697 turmatim]
419 2669 463 2681 =
472 2653 907 2695 „schwad1·0nenweise“.

168 2694 237 2730 Die
270 2707 341 2730 von
366 2697 626 2734 Substantiven
659 2700 909 2744 abgeleiteten

167 2742 354 2777 Adverbia
376 2745 440 2778 auf
456 2747 520 2781 tim
539 2746 661 2781 haben
675 2746 907 2781 distributive

164 2787 403 2835 Bedeutung:
441 2794 626 2837 curiatim,
665 2794 907 2835 centuriatim,

164 2838 392 2880 catervatim,
423 2841 628 2883 turmatim,
660 2841 796 2876 viritim
816 2853 850 2876 u.
873 2851 904 2876 a.

983 1671 1122 1705 toribus
1146 1681 1190 1705 ea:
1208 1672 1404 1715 peditibus.

1030 1729 1229 1763 certamina
1271 1729 1404 1775 serens]
1450 1730 1520 1765 wie
1564 1742 1592 1765 0.
1614 1735 1670 1775 41,
1692 1736 1724 1767 5.

977 1779 1234 1819 procursantes
1253 1779 1451 1811 certamina
1476 1797 1519 1803 ·—-
1545 1779 1725 1813 serebant:

982 1832 1029 1856 an
1066 1823 1356 1857 verschiedenen
1393 1824 1565 1859 Punkten
1601 1825 1725 1860 kleine

984 1867 1162 1903 Gefechte
1187 1869 1417 1914 beginnend3
1449 1870 1553 1906 nicht
1577 1883 1622 1906 zu
1646 1883 1725 1906 ver-

980 1916 1166 1950 wechseln
1180 1917 1249 1950 mit·
1262 1917 1326 1951 der
1333 1917 1506 1962 haufigen
1514 1918 1723 1963 Metapher:

981 1962 1083 2004 bella,
1104 1964 1306 1998 discordias
1318 1974 1431 1999 serere
1445 1981 1488 1993 =
1503 1965 1725 2000 Zwietracht

981 2009 1168 2044 anstiften.

1029 2078 1150 2102 casam
1211 2069 1400 2104 universae
1460 2071 1721 2117 dimicationis]

982 2114 1069 2157 „das
1100 2115 1229 2150 Risiko
1262 2116 1361 2150 einer
1392 2115 1725 2161 Hauptschlacht.“

981 2161 1040 2203 22,
1062 2165 1118 2203 32,
1144 2166 1164 2196 2
1191 2163 1231 2197 in
1257 2173 1379 2197 casum
1404 2165 1593 2199 universae
1617 2166 1725 2200 dimi-

979 2209 1144 2244 cationis.

1031 2271 1084 2302 10.
1125 2268 1212 2302 locis
1249 2269 1376 2312 planis
1420 2280 1463 2304 ac
1494 2270 1722 2316 patentibus]

982 2313 1255 2349 alliterierende
1268 2315 1431 2350 Formel:
1453 2315 1514 2361 21,
1537 2320 1567 2359 7,
1590 2320 1621 2351 5.
1640 2318 1724 2362 pla—

980 2361 1115 2396 niorem
1138 2363 1465 2407 patentioremque.
1510 2363 1569 2407 27,
1604 2367 1657 2406 18,
1692 2368 1722 2399 5.

973 2408 1090 2452 plano
1111 2419 1236 2453 campo
1257 2429 1299 2434 —
1313 2413 1505 2453 patentem.
1538 2409 1598 2453 24,
1619 2415 1671 2453 14,
1691 2415 1722 2445 6.

975 2465 1072 2499 puro
1099 2466 1141 2490 ac
1161 2457 1306 2500 patenti
1330 2467 1465 2500 eampo.

1026 2515 1238 2560 munitores]
1271 2515 1309 2549 in
1336 2515 1400 2549 der
1424 2515 1722 2559 Mifitiirsprache

980 2560 1204 2595 bezeichnen
1219 2561 1458 2597 Substantive
1474 2562 1540 2596 auf
1550 2566 1605 2596 tor
1618 2562 1723 2597 1110111

983 2606 1177 2652 Soldaten,
1223 2608 1341 2643 denen
1383 2610 1448 2644 ste
1458 2610 1497 2643 ts
1542 2608 1623 2643 eine
1663 2609 1722 2644 be·

982 2654 1146 2689 stimmte
1179 2655 1348 2699 Aufgabe
1378 2655 1524 2697 zufallt,
1565 2655 1723 2690 sondern

981 2699 1040 2734 die
1067 2701 1148 2735 eine
1174 2701 1287 2735 stets
1313 2701 1721 2738 wiederkehrende

979 2745 1229 2792 Verrichtung
1271 2749 1541 2783 vorznnehmen
1582 2749 1721 2784 haben:

974 2795 1191 2837 praedator,
1219 2795 1436 2839 pabulator,
1463 2799 1636 2840 aquator,
1662 2807 1722 2831 ea·-

973 2841 1158 2885 plorator,
1182 2842 1425 2884 frumentator
1449 2854 1483 2877 u.
1510 2854 1543 2878 a.

1756 1139 1798 1169 10
