1926 3219
82 138 85 141 ’
154 139 182 158 a.
202 131 254 158 Ch.
275 132 334 157 207.

664 117 807 152 LIBER
831 116 977 152 XXVII.
1028 116 1129 152 CAP.
1159 120 1213 152 37.
1658 116 1715 157 65

155 228 200 268 et
238 225 380 266 lucum
419 223 622 278 Maricae,
667 225 770 267 item
811 225 976 266 Atellae
1015 237 1183 265 murum
1223 227 1265 264 et
1303 225 1469 278 portam
1508 221 1558 263 de
1590 222 1708 264 caelo

152 286 325 326 tactam.
387 281 722 336 Minturnenses,
761 283 994 325 terribilius
1028 283 1140 337 quod
1173 284 1300 334 esset,
1338 280 1581 322 adiciebant
1614 295 1708 322 san·
1735 287 1755 317 3

154 342 296 397 guinis
329 342 467 382 rivum
500 342 544 382 in
575 344 701 396 porta
732 342 917 395 fluxisse,
951 345 993 382 et
1020 340 1191 395 Capuae
1224 340 1348 393 lupus
1380 342 1505 381 nocte
1538 344 1708 393 portam

153 401 372 455 ingressus
404 400 579 455 vigilem
606 401 852 441 laniaverat.
909 400 1013 440 haec
1039 402 1268 453 procurata
1294 398 1447 439 hostiis
1474 398 1707 439 maioribus
1735 405 1756 434 4

151 458 359 513 prodigia,
391 461 432 499 et
464 458 719 512 supplicatio
753 459 865 499 diem
897 472 1029 498 unum
1061 458 1143 498 fuit
1170 471 1220 497 ex
1247 457 1416 497 decreto
1443 456 1707 510 pontificum.

151 517 249 559 inde
282 518 436 557 iterum
469 516 722 558 novendiale
754 517 1053 567 instauratum,
1086 514 1199 568 quod
1232 514 1277 554 in
1311 514 1569 556 Armilustro
1603 514 1709 568 lapi-

152 575 274 616 dibus
307 575 445 616 visum
472 575 628 629 pluere.

690 574 893 614 liberatas
921 573 1128 627 religione
1155 575 1319 613 mentes
1346 572 1537 612 turbavit
1563 587 1708 614 rursus
1735 579 1754 609 ὃ

151 634 394 674 nuntiatum
426 632 664 673 Frusinone
707 634 857 672 natum
903 644 994 672 esse
1039 630 1247 671 infantem
1286 629 1508 684 quadrimo
1550 644 1710 684 parem,

150 706 228 734 nec
273 688 566 746 magnitudine
604 692 695 730 tam
733 689 993 742 mirandum,
1037 703 1165 743 quarn
1205 689 1316 743 quod
1356 689 1392 729 is
1432 703 1619 743 quoque,
1661 692 1710 730 ut

153 750 377 792 Sinuessae
416 748 586 789 biennio
620 751 734 802 ante,
772 747 975 802 incertus,
1014 761 1103 788 mas
1137 761 1190 788 an
1224 747 1382 788 femina
1414 750 1544 801 esset,
1583 750 1709 788 natus

153 812 256 850 erat.

317 807 359 848 id
403 821 502 848 vero
539 807 785 861 haruspices
823 821 872 848 ex
905 805 1079 847 Etruria
1118 806 1248 847 adciti
1287 805 1459 846 foedum
1498 820 1546 846 ac
1583 809 1708 860 turpe
1737 813 1757 843 6

154 865 397 921 prodigium
419 865 568 919 dicere,
589 868 799 907 extorrem
821 878 925 920 agro
946 864 1155 918 Romano,
1176 864 1324 918 procul
1343 867 1481 905 terrae
1503 867 1713 918 contactu,

152 925 239 966 alto
265 923 553 978 mergendum.

152 996 268 1024 mare
306 982 586 1036 proiecerunt.

615 924 759 965 vivum
791 925 834 965 in
866 938 1009 965 arcam
1042 923 1279 976 condidere,
1310 924 1641 977 provectumque
1667 923 1713 963 in

653 983 874 1024 decrevere
912 983 1014 1023 item
1051 982 1295 1036 pontifices,
1333 985 1379 1021 ut
1418 981 1604 1036 virgines
1646 984 1712 1022 ter
1740 988 1758 1018 7

154 1055 346 1082 novenae
378 1055 452 1094 per
484 1041 633 1082 urbem
667 1044 815 1083 euntes
848 1055 1020 1083 carmen
1051 1042 1266 1081 canerent.

1328 1039 1369 1080 id
1403 1053 1499 1080 cum
1525 1040 1569 1080 in
1594 1038 1711 1080 Iovis

154 1098 338 1141 Statoris
373 1099 474 1140 aede
507 1099 716 1141 discerent
748 1100 965 1141 conditum
999 1099 1052 1140 ab
1078 1098 1198 1140 Livio
1225 1101 1354 1152 poeta
1381 1111 1564 1151 carmen,
1594 1100 1712 1139 tacta

152 1158 201 1200 de
234 1158 350 1199 caelo
384 1158 500 1199 aedis
532 1159 576 1199 in
608 1159 823 1200 Aventino
855 1158 1030 1200 Iunonis
1062 1157 1270 1212 Reginae3
1309 1156 1636 1211 prodigiumque
1669 1156 1712 1197 id
1739 1164 1758 1195 8

153 1217 206 1258 ad
244 1220 462 1257 matronas
501 1217 713 1270 pertinere
750 1217 998 1271 haruspices
1034 1230 1129 1257 cum
1161 1215 1483 1270 respondissent
1515 1214 1712 1269 donoque

154 1275 298 1316 divam
332 1275 588 1328 placandam
614 1290 717 1330 esse,
749 1276 949 1316 aedilium
976 1275 1186 1317 curulium
1214 1274 1350 1315 edicto
1376 1274 1422 1314 in
1450 1272 1713 1327 Capitolium
1740 1281 1760 1311 9

155 1336 425 1387 convocatae,
457 1334 609 1387 quibus
642 1334 686 1374 in
721 1334 824 1375 urbe
850 1334 1045 1376 Romana
1070 1334 1265 1387 intraque
1292 1332 1502 1373 decimum
1527 1332 1715 1387 lapidem

153 1392 207 1433 ab
240 1392 343 1433 urbe
375 1391 591 1433 domicilia
624 1395 780 1446 essent,
811 1393 930 1446 ipsae
961 1393 1072 1433 inter
1104 1406 1148 1433 se
1181 1391 1367 1445 quinque
1399 1393 1440 1431 et
1467 1390 1620 1445 viginti
1647 1391 1715 1431 de-

152 1451 367 1505 legerunt,
405 1450 459 1491 ad
497 1464 600 1504 quas
634 1464 684 1491 ex
717 1450 888 1492 dotibus
921 1451 1076 1504 stipem
1109 1450 1360 1491 conferrent.

200 1556 232 1588 2.
260 1553 377 1588 lucum
397 1552 579 1598 Maricae]
605 1553 666 1587 bei
685 1553 895 1589 Minturnae

153 1611 201 1634 an
228 1600 292 1634 der
318 1599 508 1644 Mfindung
533 1600 597 1634 des
617 1601 730 1643 Liris;
758 1601 898 1636 Marica

153 1647 277 1681 wurde
303 1647 372 1681 mit
397 1646 499 1681 Circe
524 1646 770 1682 identifiziert.

201 1697 233 1728 3.
259 1692 423 1739 Capuae]
460 1693 615 1727 seitdem
649 1693 774 1738 Capua
803 1694 898 1729 nach

153 1740 214 1784 26,
240 1743 284 1774 33
314 1751 399 1785 ayer
417 1740 589 1785 publicus
613 1741 810 1785 geworden
838 1741 897 1784 ist,

156 1787 305 1821 werden
342 1787 437 1821 auch
475 1797 547 1821 von
585 1787 669 1822 dort
701 1788 899 1833 Prodigien

153 1833 348 1868 berichtet.
374 1833 435 1876 30,
461 1837 493 1877 2,
524 1837 576 1868 10.

203 1883 234 1915 4.
261 1881 302 1914 in
336 1880 573 1925 Armilustro]
629 1881 798 1916 dasselbe
836 1881 899 1926 lag

156 1937 216 1961 am
240 1927 402 1961 Aventin
427 1927 502 1961 und
527 1927 632 1961 hatte
659 1928 730 1963 den
755 1927 898 1963 Namen

155 1985 227 2008 von
259 1973 323 2008 der
354 1974 439 2008 dort
469 1974 759 2010 stattfindenden
793 1975 898 2010 feier·

155 2020 279 2055 lichen
318 2020 601 2064 Waffenweffle,
643 2032 736 2067 gew.
777 2022 895 2057 Armi-

158 2067 341 2101 lustrium.

203 2117 234 2148 5.
262 2114 446 2160 auditum]
474 2130 517 2143 =
545 2114 627 2157 „die
656 2114 896 2150 Nachricht“.

158 2160 227 2195 Die
277 2160 603 2195 substantivierten
653 2161 751 2196 Part.
801 2162 896 2197 Perf.

154 2207 295 2242 Passiv.
305 2207 481 2242 behalten
489 2219 613 2253 genug
622 2209 771 2243 verbale
778 2209 897 2254 Kraft,

156 2265 219 2288 um
244 2254 351 2289 einen
378 2265 497 2289 accus.
523 2266 552 2289 c.
573 2255 637 2289 inf.
657 2267 701 2289 zu
720 2256 897 2300 regieren.

157 2310 186 2335 c.
214 2303 270 2343 45,
295 2305 328 2336 4.
355 2302 532 2345 auditum,
558 2322 604 2327 —
630 2303 807 2337 consulem
833 2303 897 2338 ad-

156 2347 301 2382 venisse.

204 2394 377 2439 incertus]
430 2395 495 2447 das
528 2395 707 2440 Adjektiv
741 2397 901 2431 incertus

158 2451 230 2475 von
248 2441 434 2475 Personen
457 2441 496 2475 in
518 2443 703 2486 passivem
724 2442 899 2477 Sinne—
855 2460 899 2472 =

157 2487 201 2521 de
224 2497 294 2532 quo
316 2487 516 2529 dubitatur,
542 2489 657 2523 findet
677 2490 755 2524 sich
775 2490 898 2525 ofters.

159 2533 219 2578 30,
247 2537 307 2577 35,
331 2538 362 2568 9.
396 2535 565 2578 incertos,
596 2537 686 2570 socii
714 2547 763 2571 an
787 2537 901 2573 hostes

156 2583 278 2616 essent.

205 2637 282 2662 mas
308 2638 358 2662 au
377 2628 529 2673 femina]
564 2629 640 2673 vgl.
662 2639 691 2663 c.
709 2633 762 2672 11,
778 2634 809 2665 5.
837 2641 901 2665 an-

160 2673 351 2718 droyynos.
377 2674 438 2718 31,
466 2679 520 2717 12,
547 2678 568 2709 8
594 2677 767 2710 semimas.

209 2723 240 2755 6.
260 2721 448 2766 extorrem]
472 2721 591 2757 dieses
606 2722 810 2757 Verfahren
824 2734 901 2759 ver-

160 2766 289 2811 langte
339 2766 398 2801 die
444 2767 650 2804 Volkssitte
699 2770 795 2804 auch
844 2770 903 2805 fur

161 2812 454 2856 Elternmorder;
481 2815 706 2851 anderwii-rts
728 2817 818 2851 wird
839 2817 901 2852 be·

162 2859 309 2902 richtet‚
336 2859 414 2895 dass
440 2861 711 2898 Zwitterwesen
739 2863 804 2898 auf
827 2863 902 2899 ein-

230 2924 286 2949 Tit.
306 2925 373 2950 Liv.
394 2926 426 2950 B.
449 2926 490 2951 27.

971 1564 1071 1588 same
1094 1553 1218 1588 Inseln
1243 1552 1424 1587 verbannt
1449 1552 1608 1596 werden,
1629 1552 1717 1588 oder

969 1601 1171 1635 verbrannt
1209 1600 1285 1634 und
1323 1599 1381 1633 die
1417 1600 1538 1634 Asche
1575 1600 1614 1634 in
1651 1600 1716 1634 das

970 1647 1070 1682 Meer
1097 1647 1294 1700 geworfen.

1017 1694 1107 1740 alto]
1134 1695 1246 1739 mergi
1270 1693 1397 1738 aliqua
1420 1703 1476 1736 re,
1502 1693 1595 1727 statt
1618 1694 1657 1727 in
1685 1703 1714 1728 c.

970 1751 1089 1775 accus.
1117 1740 1206 1775 oder
1230 1742 1271 1775 iu
1291 1751 1319 1775 c.
1347 1739 1461 1774 ablat.
1487 1740 1538 1774 ist
1555 1739 1616 1774 bei
1635 1739 1714 1774 Liv.

970 1788 1075 1822 nicht
1099 1787 1216 1822 selten
1244 1787 1318 1830 (26,
1338 1790 1395 1831 29,
1415 1791 1437 1821 4
1461 1787 1553 1829 freto
1575 1787 1715 1832 meryz),

971 1836 1075 1869 sonst
1099 1834 1335 1869 dichterisch.

1019 1885 1050 1916 7.
1088 1885 1142 1916 ter
1172 1880 1344 1925 novenae]
1385 1879 1595 1915 feierlicher
1622 1879 1715 1914 Aus-

970 1927 1098 1970 druck,
1123 1927 1188 1962 der
1214 1929 1285 1962 den
1311 1927 1594 1972 gewohnlichen
1614 1929 1648 1971 (ξ
1672 1931 1713 1961 12

969 1977 1098 2019 septem
1128 1978 1163 2009 et
1193 1976 1338 2020 viyintt)
1371 1974 1426 2008 als
1454 1973 1620 2008 Produkt
1651 1974 1716 2008 der

970 2021 1135 2066 heiligen
1171 2021 1263 2056 Zahl
1299 2024 1320 2056 3
1358 2020 1574 2055 erscheinen
1614 2020 1714 2056 l'asst.

970 2068 1030 2111 31,
1049 2072 1103 2112 12,
1119 2073 1150 2103 9.
1178 2069 1222 2103 ab
1250 2072 1302 2102 ter
1326 2069 1476 2102 ‘novenis
1497 2068 1712 2112 virginibus.

1017 2115 1141 2161 Livio]
1172 2115 1298 2150 Livius
1324 2114 1627 2157 Andronicus,
1655 2114 1715 2149 ein

971 2161 1147 2205 Grieche,
1182 2162 1269 2196 kam
1305 2165 1372 2196 272
1411 2161 1471 2196 bei
1507 2161 1714 2196 Einnahme

969 2220 1043 2243 von
1076 2210 1214 2243 Tarent
1244 2208 1299 2244 als
1325 2208 1558 2253 Gefangener
1589 2208 1629 2242 in
1654 2207 1714 2242 die

971 2255 1163 2290 Sklaverei
1183 2255 1282 2290 eines
1313 2255 1450 2298 Livius,
1478 2255 1602 2289 wurde
1626 2255 1714 2289 frei—

972 2303 1142 2347 gelassen
1163 2303 1239 2337 und
1261 2302 1361 2337 lebte
1387 2302 1442 2336 als
1461 2302 1614 2337 Dichter
1638 2301 1714 2336 und

973 2349 1236 2394 Schauspieler
1261 2350 1299 2384 in
1323 2348 1430 2384 Rom.

1019 2396 1210 2442 discerent]
1247 2396 1312 2431 der
1331 2396 1484 2431 Dichter
1509 2395 1623 2430 selbst
1647 2396 1714 2430 fibt

973 2443 1032 2477 die
1068 2443 1347 2478 Aufffihrenden
1386 2443 1461 2485 ein;
1503 2443 1618 2477 daher
1657 2443 1713 2484 fa-

973 2490 1096 2525 bulam
1125 2491 1248 2526 docere
1278 2507 1323 2519 =
1355 2490 1415 2525 ein
1443 2489 1715 2524 Theaterstfick

972 2549 1037 2571 zur
1070 2537 1308 2582 Aufffihrung
1338 2537 1511 2582 bringen;
1551 2535 1714 2580 vg1.62-

972 2582 1139 2619 δάσκειν.

1021 2635 1054 2665 9.
1079 2632 1119 2665 in
1135 2630 1370 2675 Capitolium]
1398 2629 1634 2674 Beratungen
1650 2630 1715 2665 der

973 2677 1186 2721 Matronen,
1217 2677 1256 2712 in
1292 2675 1412 2711 denen
1447 2677 1498 2711 sie
1532 2676 1624 2711 uber
1656 2676 1715 2711 ihr

973 2723 1185 2768 Vermcgen
1202 2723 1390 2768 verffigen,
1411 2723 1525 2758 sehon
1549 2723 1584 2767 5,
1603 2726 1659 2766 25,
1681 2727 1714 2759 8.

974 2769 1033 2812 22,
1063 2774 1093 2812 1,
1121 2774 1210 2805 17—
1217 2774 1269 2806 18.

1021 2818 1147 2862 stipem
1186 2817 1402 2863 conferrent]
1444 2834 1488 2847 =
1525 2817 1715 2863 freiwillig

974 2863 1167 2909 beitragen
1203 2876 1246 2899 zu
1281 2864 1481 2910 religicsen
1518 2865 1713 2908 Zwecken3

1407 2927 1426 2958 5

1424 1449 1520 1490 inde
1553 1449 1711 1498 donum
1739 1457 1781 1488 10
