<?xml version="1.0" encoding="UTF-8"?>
<!DOCTYPE html PUBLIC "-//W3C//DTD XHTML 1.0 Transitional//EN"
    "http://www.w3.org/TR/xhtml1/DTD/xhtml1-transitional.dtd">
<html xmlns="http://www.w3.org/1999/xhtml" xml:lang="en" lang="en">
 <head>
  <title>
</title>
<meta http-equiv="Content-Type" content="text/html;charset=utf-8" />
  <meta name='ocr-system' content='tesseract 3.04.00' />
  <meta name='ocr-capabilities' content='ocr_page ocr_carea ocr_par ocr_line ocrx_word'/>
</head>
<body>
  <div class='ocr_page' id='page_1' title='image "./aburbeconditalib27livyuoft_0055.png"; bbox 0 0 1926 3219; ppageno 0'>
   <div class='ocr_carea' id='block_1_1' title="bbox 155 111 1701 154">
    <p class='ocr_par' dir='ltr' id='par_1_1' title="bbox 155 111 1701 154">
     <span class='ocr_line' id='line_1_1' title="bbox 155 111 1701 154; baseline -0.007 -1"><span class='ocrx_word' id='word_1_1' title='bbox 155 135 180 153; x_wconf 71' lang='lat' dir='ltr'><strong>a.</strong></span> <span class='ocrx_word' id='word_1_2' title='bbox 201 127 253 153; x_wconf 85' lang='lat' dir='ltr'><strong>Ch.</strong></span> <span class='ocrx_word' id='word_1_3' title='bbox 274 127 335 153; x_wconf 79' lang='lat'><strong>209.</strong></span> <span class='ocrx_word' id='word_1_4' title='bbox 614 113 756 148; x_wconf 85' lang='lat' dir='ltr'>LIBER</span> <span class='ocrx_word' id='word_1_5' title='bbox 781 112 927 147; x_wconf 83' lang='lat' dir='ltr'><strong>XXVII.</strong></span> <span class='ocrx_word' id='word_1_6' title='bbox 979 112 1079 148; x_wconf 86' lang='lat' dir='ltr'><strong>CAP.</strong></span> <span class='ocrx_word' id='word_1_7' title='bbox 1111 116 1162 147; x_wconf 87' lang='grc'><strong>18.</strong></span> <span class='ocrx_word' id='word_1_8' title='bbox 1194 116 1244 146; x_wconf 85' lang='grc'><strong>19.</strong></span> <span class='ocrx_word' id='word_1_9' title='bbox 1648 111 1701 154; x_wconf 80' lang='grc'><strong>37</strong></span> 
     </span>
    </p>
   </div>
   <div class='ocr_carea' id='block_1_2' title="bbox 156 218 1704 275">
    <p class='ocr_par' dir='ltr' id='par_1_2' title="bbox 156 218 1704 275">
     <span class='ocr_line' id='line_1_2' title="bbox 156 218 1704 275; baseline -0.001 -14"><span class='ocrx_word' id='word_1_10' title='bbox 156 224 281 275; x_wconf 85' lang='lat' dir='ltr'><strong>atque</strong></span> <span class='ocrx_word' id='word_1_11' title='bbox 330 220 468 262; x_wconf 89' lang='lat' dir='ltr'><strong>hostis</strong></span> <span class='ocrx_word' id='word_1_12' title='bbox 525 220 746 261; x_wconf 83' lang='lat' dir='ltr'><strong>timebant.</strong></span> <span class='ocrx_word' id='word_1_13' title='bbox 831 233 953 261; x_wconf 90' lang='lat' dir='ltr'><strong>caesa</strong></span> <span class='ocrx_word' id='word_1_14' title='bbox 1010 220 1142 274; x_wconf 88' lang='lat' dir='ltr'><strong>igitur</strong></span> <span class='ocrx_word' id='word_1_15' title='bbox 1199 218 1249 260; x_wconf 85' lang='lat' dir='ltr'><strong>ad</strong></span> <span class='ocrx_word' id='word_1_16' title='bbox 1307 221 1401 260; x_wconf 92' lang='lat' dir='ltr'><strong>octo</strong></span> <span class='ocrx_word' id='word_1_17' title='bbox 1459 219 1576 259; x_wconf 87' lang='lat' dir='ltr'><strong>milia</strong></span> <span class='ocrx_word' id='word_1_18' title='bbox 1633 218 1704 260; x_wconf 91' lang='lat' dir='ltr'><strong>ho-</strong></span> 
     </span>
    </p>
   </div>
   <div class='ocr_carea' id='block_1_3' title="bbox 156 293 1774 390">
    <p class='ocr_par' dir='ltr' id='par_1_3' title="bbox 156 293 1774 390">
     <span class='ocr_line' id='line_1_3' title="bbox 156 293 1774 390; baseline -0.002 -13"><span class='ocrx_word' id='word_1_19' title='bbox 156 293 515 378; x_wconf 54' lang='lat' dir='ltr'><strong>mumII-lllasdrubal</strong></span> <span class='ocrx_word' id='word_1_20' title='bbox 566 337 649 377; x_wconf 86' lang='lat' dir='ltr'><strong>iam</strong></span> <span class='ocrx_word' id='word_1_21' title='bbox 693 339 920 390; x_wconf 74' lang='lat' dir='ltr'><strong>antequam</strong></span> <span class='ocrx_word' id='word_1_22' title='bbox 964 336 1184 377; x_wconf 84' lang='lat' dir='ltr'>dimicaret</span> <span class='ocrx_word' id='word_1_23' title='bbox 1227 335 1405 390; x_wconf 87' lang='lat' dir='ltr'><strong>pecunia</strong></span> <span class='ocrx_word' id='word_1_24' title='bbox 1451 337 1576 387; x_wconf 86' lang='lat' dir='ltr'><strong>rapta</strong></span> <span class='ocrx_word' id='word_1_25' title='bbox 1621 335 1699 375; x_wconf 86' lang='lat' dir='ltr'><strong>ele·</strong></span> <span class='ocrx_word' id='word_1_26' title='bbox 1727 339 1774 374; x_wconf 85' lang='grc'><strong>19</strong></span> 
     </span>
    </p>
   </div>
   <div class='ocr_carea' id='block_1_4' title="bbox 149 392 1754 1611">
    <p class='ocr_par' dir='ltr' id='par_1_4' title="bbox 150 392 1754 1319">
     <span class='ocr_line' id='line_1_4' title="bbox 155 392 1706 449; baseline -0.002 -13"><span class='ocrx_word' id='word_1_27' title='bbox 155 395 411 449; x_wconf 86' lang='lat' dir='ltr'><strong>phantisque</strong></span> <span class='ocrx_word' id='word_1_28' title='bbox 450 394 712 448; x_wconf 85' lang='lat' dir='ltr'><strong>praemissiS,</strong></span> <span class='ocrx_word' id='word_1_29' title='bbox 753 409 879 448; x_wconf 86' lang='lat' dir='ltr'><strong>quam</strong></span> <span class='ocrx_word' id='word_1_30' title='bbox 917 394 1137 447; x_wconf 89' lang='lat' dir='ltr'><strong>plurumos</strong></span> <span class='ocrx_word' id='word_1_31' title='bbox 1176 397 1345 447; x_wconf 84' lang='lat' dir='ltr'><strong>poterat</strong></span> <span class='ocrx_word' id='word_1_32' title='bbox 1384 393 1433 434; x_wconf 90' lang='lat' dir='ltr'><strong>de</strong></span> <span class='ocrx_word' id='word_1_33' title='bbox 1465 392 1568 447; x_wconf 90' lang='lat' dir='ltr'><strong>fuga</strong></span> <span class='ocrx_word' id='word_1_34' title='bbox 1601 393 1706 433; x_wconf 85' lang='lat' dir='ltr'><strong>exci-</strong></span> 
     </span>
     <span class='ocr_line' id='line_1_5' title="bbox 155 449 1753 507; baseline -0.002 -13"><span class='ocrx_word' id='word_1_35' title='bbox 155 453 278 507; x_wconf 88' lang='lat' dir='ltr'><strong>piens</strong></span> <span class='ocrx_word' id='word_1_36' title='bbox 317 456 487 506; x_wconf 88' lang='lat' dir='ltr'><strong>praeter</strong></span> <span class='ocrx_word' id='word_1_37' title='bbox 524 453 690 507; x_wconf 83' lang='lat' dir='ltr'>Tagum</span> <span class='ocrx_word' id='word_1_38' title='bbox 735 452 889 492; x_wconf 92' lang='lat' dir='ltr'><strong>flumen</strong></span> <span class='ocrx_word' id='word_1_39' title='bbox 934 452 986 492; x_wconf 90' lang='lat' dir='ltr'><strong>ad</strong></span> <span class='ocrx_word' id='word_1_40' title='bbox 1027 450 1294 504; x_wconf 84' lang='lat' dir='ltr'><strong>Pyrenaeum</strong></span> <span class='ocrx_word' id='word_1_41' title='bbox 1341 451 1490 492; x_wconf 90' lang='lat' dir='ltr'><strong>tendit.</strong></span> <span class='ocrx_word' id='word_1_42' title='bbox 1565 449 1706 505; x_wconf 85' lang='lat' dir='ltr'>Scipio</span> <span class='ocrx_word' id='word_1_43' title='bbox 1734 459 1753 489; x_wconf 74' lang='lat'><strong>‘2</strong></span> 
     </span>
     <span class='ocr_line' id='line_1_6' title="bbox 157 509 1707 563; baseline -0.001 -11"><span class='ocrx_word' id='word_1_44' title='bbox 157 511 310 552; x_wconf 85' lang='lat' dir='ltr'><strong>castris</strong></span> <span class='ocrx_word' id='word_1_45' title='bbox 354 511 543 553; x_wconf 89' lang='lat' dir='ltr'><strong>hostium</strong></span> <span class='ocrx_word' id='word_1_46' title='bbox 587 511 767 563; x_wconf 85' lang='lat' dir='ltr'><strong>potitus,</strong></span> <span class='ocrx_word' id='word_1_47' title='bbox 817 523 910 550; x_wconf 89' lang='lat' dir='ltr'><strong>cum</strong></span> <span class='ocrx_word' id='word_1_48' title='bbox 955 511 1124 561; x_wconf 89' lang='lat' dir='ltr'><strong>praeter</strong></span> <span class='ocrx_word' id='word_1_49' title='bbox 1167 509 1302 549; x_wconf 91' lang='lat' dir='ltr'><strong>libera</strong></span> <span class='ocrx_word' id='word_1_50' title='bbox 1349 510 1487 562; x_wconf 84' lang='lat' dir='ltr'><strong>capita</strong></span> <span class='ocrx_word' id='word_1_51' title='bbox 1538 523 1707 550; x_wconf 88' lang='lat' dir='ltr'><strong>omnem</strong></span> 
     </span>
     <span class='ocr_line' id='line_1_7' title="bbox 157 566 1707 623; baseline -0.001 -13"><span class='ocrx_word' id='word_1_52' title='bbox 157 569 360 623; x_wconf 85' lang='lat' dir='ltr'><strong>praedam</strong></span> <span class='ocrx_word' id='word_1_53' title='bbox 394 569 599 610; x_wconf 76' lang='lat' dir='ltr'><strong>militibus</strong></span> <span class='ocrx_word' id='word_1_54' title='bbox 632 566 929 619; x_wconf 79' lang='lat' dir='ltr'><strong>concessisset,</strong></span> <span class='ocrx_word' id='word_1_55' title='bbox 967 566 1010 606; x_wconf 91' lang='lat' dir='ltr'><strong>in</strong></span> <span class='ocrx_word' id='word_1_56' title='bbox 1042 566 1311 607; x_wconf 85' lang='lat' dir='ltr'><strong>recensendis</strong></span> <span class='ocrx_word' id='word_1_57' title='bbox 1345 567 1523 620; x_wconf 74' lang='lat' dir='ltr'><strong>captivis</strong></span> <span class='ocrx_word' id='word_1_58' title='bbox 1563 567 1707 608; x_wconf 85' lang='lat' dir='ltr'><strong>decem</strong></span> 
     </span>
     <span class='ocr_line' id='line_1_8' title="bbox 161 623 1707 681; baseline -0.001 -14"><span class='ocrx_word' id='word_1_59' title='bbox 161 627 280 668; x_wconf 90' lang='lat' dir='ltr'><strong>milia</strong></span> <span class='ocrx_word' id='word_1_60' title='bbox 318 627 527 681; x_wconf 83' lang='lat' dir='ltr'><strong>peditum,</strong></span> <span class='ocrx_word' id='word_1_61' title='bbox 565 625 645 665; x_wconf 88' lang='lat' dir='ltr'><strong>duo</strong></span> <span class='ocrx_word' id='word_1_62' title='bbox 678 623 797 679; x_wconf 71' lang='lat' dir='ltr'><strong>milia</strong></span> <span class='ocrx_word' id='word_1_63' title='bbox 835 624 1025 677; x_wconf 86' lang='lat' dir='ltr'><strong>equitum</strong></span> <span class='ocrx_word' id='word_1_64' title='bbox 1069 624 1244 665; x_wconf 85' lang='lat' dir='ltr'><strong>invenit.</strong></span> <span class='ocrx_word' id='word_1_65' title='bbox 1311 639 1359 665; x_wconf 81' lang='lat' dir='ltr'><strong>ex</strong></span> <span class='ocrx_word' id='word_1_66' title='bbox 1404 625 1455 665; x_wconf 89' lang='lat' dir='ltr'><strong>iis</strong></span> <span class='ocrx_word' id='word_1_67' title='bbox 1488 624 1707 679; x_wconf 89' lang='lat' dir='ltr'><strong>Hispanos</strong></span> 
     </span>
     <span class='ocr_line' id='line_1_9' title="bbox 157 681 1706 739; baseline -0.001 -13"><span class='ocrx_word' id='word_1_68' title='bbox 157 685 246 726; x_wconf 91' lang='lat' dir='ltr'><strong>sine</strong></span> <span class='ocrx_word' id='word_1_69' title='bbox 284 685 420 739; x_wconf 91' lang='lat' dir='ltr'><strong>pretio</strong></span> <span class='ocrx_word' id='word_1_70' title='bbox 460 696 605 725; x_wconf 89' lang='lat' dir='ltr'><strong>omnes</strong></span> <span class='ocrx_word' id='word_1_71' title='bbox 644 681 815 722; x_wconf 88' lang='lat' dir='ltr'><strong>domum</strong></span> <span class='ocrx_word' id='word_1_72' title='bbox 849 682 1026 734; x_wconf 83' lang='lat' dir='ltr'><strong>dimisit,</strong></span> <span class='ocrx_word' id='word_1_73' title='bbox 1060 682 1188 723; x_wconf 88' lang='lat' dir='ltr'><strong>Afros</strong></span> <span class='ocrx_word' id='word_1_74' title='bbox 1222 682 1402 723; x_wconf 81' lang='lat' dir='ltr'><strong>vendere</strong></span> <span class='ocrx_word' id='word_1_75' title='bbox 1435 686 1706 737; x_wconf 86' lang='lat' dir='ltr'><strong>quaestorem</strong></span> 
     </span>
     <span class='ocr_line' id='line_1_10' title="bbox 154 739 1752 794; baseline -0.003 -10"><span class='ocrx_word' id='word_1_76' title='bbox 154 743 288 784; x_wconf 89' lang='lat' dir='ltr'><strong>iussit.</strong></span> <span class='ocrx_word' id='word_1_77' title='bbox 339 740 592 783; x_wconf 86' lang='lat' dir='ltr'><strong>circumfusa</strong></span> <span class='ocrx_word' id='word_1_78' title='bbox 624 739 722 780; x_wconf 89' lang='lat' dir='ltr'><strong>inde</strong></span> <span class='ocrx_word' id='word_1_79' title='bbox 755 740 983 781; x_wconf 87' lang='lat' dir='ltr'><strong>multitudo</strong></span> <span class='ocrx_word' id='word_1_80' title='bbox 1015 739 1311 794; x_wconf 84' lang='lat' dir='ltr'><strong>Hispanorum</strong></span> <span class='ocrx_word' id='word_1_81' title='bbox 1343 743 1384 781; x_wconf 89' lang='lat' dir='ltr'><strong>et</strong></span> <span class='ocrx_word' id='word_1_82' title='bbox 1417 744 1513 782; x_wconf 90' lang='lat' dir='ltr'><strong>ante</strong></span> <span class='ocrx_word' id='word_1_83' title='bbox 1547 741 1704 782; x_wconf 90' lang='lat' dir='ltr'><strong>dedito·</strong></span> <span class='ocrx_word' id='word_1_84' title='bbox 1732 749 1752 780; x_wconf 88' lang='lat'><strong>3</strong></span> 
     </span>
     <span class='ocr_line' id='line_1_11' title="bbox 153 798 1707 853; baseline -0.001 -12"><span class='ocrx_word' id='word_1_85' title='bbox 153 815 246 841; x_wconf 90' lang='lat' dir='ltr'><strong>rum</strong></span> <span class='ocrx_word' id='word_1_86' title='bbox 285 802 326 840; x_wconf 92' lang='lat' dir='ltr'><strong>et</strong></span> <span class='ocrx_word' id='word_1_87' title='bbox 362 798 497 852; x_wconf 90' lang='lat' dir='ltr'><strong>pridie</strong></span> <span class='ocrx_word' id='word_1_88' title='bbox 539 800 761 852; x_wconf 87' lang='lat' dir='ltr'><strong>captorum</strong></span> <span class='ocrx_word' id='word_1_89' title='bbox 800 812 942 853; x_wconf 91' lang='lat' dir='ltr'><strong>regem</strong></span> <span class='ocrx_word' id='word_1_90' title='bbox 985 812 1081 839; x_wconf 90' lang='lat' dir='ltr'><strong>eum</strong></span> <span class='ocrx_word' id='word_1_91' title='bbox 1120 799 1286 853; x_wconf 87' lang='lat' dir='ltr'><strong>ingenti</strong></span> <span class='ocrx_word' id='word_1_92' title='bbox 1323 813 1531 840; x_wconf 90' lang='lat' dir='ltr'><strong>consensu</strong></span> <span class='ocrx_word' id='word_1_93' title='bbox 1565 800 1707 853; x_wconf 87' lang='lat' dir='ltr'><strong>appel-</strong></span> 
     </span>
     <span class='ocr_line' id='line_1_12' title="bbox 152 855 1754 910; baseline -0.001 -12"><span class='ocrx_word' id='word_1_94' title='bbox 152 858 269 898; x_wconf 83' lang='lat' dir='ltr'><strong>lavit.</strong></span> <span class='ocrx_word' id='word_1_95' title='bbox 318 859 408 898; x_wconf 90' lang='lat' dir='ltr'><strong>tum</strong></span> <span class='ocrx_word' id='word_1_96' title='bbox 442 855 585 910; x_wconf 86' lang='lat' dir='ltr'><strong>Scipio</strong></span> <span class='ocrx_word' id='word_1_97' title='bbox 619 856 789 897; x_wconf 87' lang='lat' dir='ltr'><strong>silentio</strong></span> <span class='ocrx_word' id='word_1_98' title='bbox 823 871 897 909; x_wconf 90' lang='lat' dir='ltr'><strong>per</strong></span> <span class='ocrx_word' id='word_1_99' title='bbox 928 871 1183 910; x_wconf 88' lang='lat' dir='ltr'><strong>praeconem</strong></span> <span class='ocrx_word' id='word_1_100' title='bbox 1215 857 1330 898; x_wconf 88' lang='lat' dir='ltr'><strong>facto</strong></span> <span class='ocrx_word' id='word_1_101' title='bbox 1364 857 1444 898; x_wconf 88' lang='lat' dir='ltr'><strong>sibi</strong></span> <span class='ocrx_word' id='word_1_102' title='bbox 1474 858 1707 898; x_wconf 77' lang='lat' dir='ltr'><strong>maximum</strong></span> <span class='ocrx_word' id='word_1_103' title='bbox 1734 867 1754 896; x_wconf 87' lang='lat'>4</span> 
     </span>
     <span class='ocr_line' id='line_1_13' title="bbox 151 914 1706 969; baseline -0.001 -12"><span class='ocrx_word' id='word_1_104' title='bbox 151 929 309 957; x_wconf 89' lang='lat' dir='ltr'><strong>nomen</strong></span> <span class='ocrx_word' id='word_1_105' title='bbox 354 915 625 968; x_wconf 88' lang='lat' dir='ltr'><strong>imperatoris</strong></span> <span class='ocrx_word' id='word_1_106' title='bbox 671 928 763 956; x_wconf 92' lang='lat' dir='ltr'><strong>esse</strong></span> <span class='ocrx_word' id='word_1_107' title='bbox 808 914 930 968; x_wconf 80' lang='lat' dir='ltr'><strong>dixit,</strong></span> <span class='ocrx_word' id='word_1_108' title='bbox 975 929 1058 969; x_wconf 91' lang='lat' dir='ltr'><strong>quo</strong></span> <span class='ocrx_word' id='word_1_109' title='bbox 1104 929 1146 956; x_wconf 88' lang='lat' dir='ltr'><strong>se</strong></span> <span class='ocrx_word' id='word_1_110' title='bbox 1192 915 1351 956; x_wconf 84' lang='lat' dir='ltr'><strong>milites</strong></span> <span class='ocrx_word' id='word_1_111' title='bbox 1391 916 1457 956; x_wconf 89' lang='lat' dir='ltr'><strong>sui</strong></span> <span class='ocrx_word' id='word_1_112' title='bbox 1496 916 1706 969; x_wconf 87' lang='lat' dir='ltr'><strong>appellas-</strong></span> 
     </span>
     <span class='ocr_line' id='line_1_14' title="bbox 151 973 1752 1028; baseline -0.001 -14"><span class='ocrx_word' id='word_1_113' title='bbox 151 976 264 1026; x_wconf 83' lang='lat' dir='ltr'><strong>sent3</strong></span> <span class='ocrx_word' id='word_1_114' title='bbox 302 974 465 1028; x_wconf 89' lang='lat' dir='ltr'><strong>regium</strong></span> <span class='ocrx_word' id='word_1_115' title='bbox 503 987 677 1027; x_wconf 86' lang='lat' dir='ltr'><strong>nomen,</strong></span> <span class='ocrx_word' id='word_1_116' title='bbox 709 973 811 1014; x_wconf 88' lang='lat' dir='ltr'><strong>alibi</strong></span> <span class='ocrx_word' id='word_1_117' title='bbox 843 987 1065 1028; x_wconf 88' lang='lat' dir='ltr'><strong>magnum,</strong></span> <span class='ocrx_word' id='word_1_118' title='bbox 1102 973 1264 1014; x_wconf 87' lang='lat' dir='ltr'><strong>Romae</strong></span> <span class='ocrx_word' id='word_1_119' title='bbox 1296 974 1568 1015; x_wconf 89' lang='lat' dir='ltr'><strong>intolerabile</strong></span> <span class='ocrx_word' id='word_1_120' title='bbox 1602 988 1705 1015; x_wconf 89' lang='lat' dir='ltr'><strong>esse.</strong></span> <span class='ocrx_word' id='word_1_121' title='bbox 1733 984 1752 1013; x_wconf 82' lang='lat'>5</span> 
     </span>
     <span class='ocr_line' id='line_1_15' title="bbox 150 1031 1706 1087; baseline 0.001 -15"><span class='ocrx_word' id='word_1_122' title='bbox 150 1032 340 1087; x_wconf 87' lang='lat' dir='ltr'><strong>regalem</strong></span> <span class='ocrx_word' id='word_1_123' title='bbox 391 1031 581 1072; x_wconf 89' lang='lat' dir='ltr'><strong>animum</strong></span> <span class='ocrx_word' id='word_1_124' title='bbox 632 1031 675 1071; x_wconf 92' lang='lat' dir='ltr'><strong>in</strong></span> <span class='ocrx_word' id='word_1_125' title='bbox 733 1045 777 1073; x_wconf 91' lang='lat' dir='ltr'><strong>se</strong></span> <span class='ocrx_word' id='word_1_126' title='bbox 835 1045 945 1084; x_wconf 73' lang='lat' dir='ltr'><strong>esse,</strong></span> <span class='ocrx_word' id='word_1_127' title='bbox 1004 1032 1040 1072; x_wconf 94' lang='lat' dir='ltr'><strong>si</strong></span> <span class='ocrx_word' id='word_1_128' title='bbox 1096 1031 1138 1072; x_wconf 89' lang='lat' dir='ltr'><strong>id</strong></span> <span class='ocrx_word' id='word_1_129' title='bbox 1194 1032 1238 1072; x_wconf 92' lang='lat' dir='ltr'><strong>in</strong></span> <span class='ocrx_word' id='word_1_130' title='bbox 1294 1032 1479 1073; x_wconf 90' lang='lat' dir='ltr'><strong>hominis</strong></span> <span class='ocrx_word' id='word_1_131' title='bbox 1535 1033 1706 1087; x_wconf 89' lang='lat' dir='ltr'><strong>ingenio</strong></span> 
     </span>
     <span class='ocr_line' id='line_1_16' title="bbox 153 1089 1708 1144; baseline 0.001 -14"><span class='ocrx_word' id='word_1_132' title='bbox 153 1090 465 1144; x_wconf 89' lang='lat' dir='ltr'><strong>amplissimum</strong></span> <span class='ocrx_word' id='word_1_133' title='bbox 499 1089 711 1143; x_wconf 86' lang='lat' dir='ltr'><strong>ducerent,</strong></span> <span class='ocrx_word' id='word_1_134' title='bbox 742 1089 865 1130; x_wconf 86' lang='lat' dir='ltr'><strong>taciti</strong></span> <span class='ocrx_word' id='word_1_135' title='bbox 897 1089 1144 1143; x_wconf 87' lang='lat' dir='ltr'><strong>iudicarent,</strong></span> <span class='ocrx_word' id='word_1_136' title='bbox 1176 1090 1292 1132; x_wconf 78' lang='lat' dir='ltr'><strong>vocis</strong></span> <span class='ocrx_word' id='word_1_137' title='bbox 1325 1091 1603 1144; x_wconf 87' lang='lat' dir='ltr'><strong>usurpatione</strong></span> <span class='ocrx_word' id='word_1_138' title='bbox 1637 1091 1708 1132; x_wconf 87' lang='lat' dir='ltr'><strong>ab·</strong></span> 
     </span>
     <span class='ocr_line' id='line_1_17' title="bbox 154 1147 1754 1203; baseline 0 -15"><span class='ocrx_word' id='word_1_139' title='bbox 154 1148 375 1189; x_wconf 87' lang='lat' dir='ltr'><strong>stinerent.</strong></span> <span class='ocrx_word' id='word_1_140' title='bbox 439 1162 609 1189; x_wconf 90' lang='lat' dir='ltr'><strong>sensere</strong></span> <span class='ocrx_word' id='word_1_141' title='bbox 642 1148 769 1189; x_wconf 92' lang='lat' dir='ltr'><strong>etiam</strong></span> <span class='ocrx_word' id='word_1_142' title='bbox 808 1147 982 1189; x_wconf 89' lang='lat' dir='ltr'><strong>barbari</strong></span> <span class='ocrx_word' id='word_1_143' title='bbox 1021 1148 1360 1203; x_wconf 83' lang='lat' dir='ltr'><strong>magnitudinem</strong></span> <span class='ocrx_word' id='word_1_144' title='bbox 1402 1149 1551 1202; x_wconf 86' lang='lat' dir='ltr'><strong>animi,</strong></span> <span class='ocrx_word' id='word_1_145' title='bbox 1590 1149 1707 1190; x_wconf 89' lang='lat' dir='ltr'><strong>cuius</strong></span> <span class='ocrx_word' id='word_1_146' title='bbox 1734 1158 1754 1188; x_wconf 85' lang='grc'>6</span> 
     </span>
     <span class='ocr_line' id='line_1_18' title="bbox 152 1206 1707 1260; baseline 0.001 -14"><span class='ocrx_word' id='word_1_147' title='bbox 152 1207 357 1248; x_wconf 89' lang='lat' dir='ltr'><strong>miraculo</strong></span> <span class='ocrx_word' id='word_1_148' title='bbox 390 1206 576 1247; x_wconf 88' lang='lat' dir='ltr'><strong>nominis</strong></span> <span class='ocrx_word' id='word_1_149' title='bbox 609 1207 682 1247; x_wconf 87' lang='lat' dir='ltr'><strong>alii</strong></span> <span class='ocrx_word' id='word_1_150' title='bbox 713 1207 916 1248; x_wconf 84' lang='lat' dir='ltr'><strong>mortales</strong></span> <span class='ocrx_word' id='word_1_151' title='bbox 950 1209 1189 1260; x_wconf 89' lang='lat' dir='ltr'><strong>stuperent,</strong></span> <span class='ocrx_word' id='word_1_152' title='bbox 1228 1207 1268 1247; x_wconf 90' lang='lat' dir='ltr'><strong>id</strong></span> <span class='ocrx_word' id='word_1_153' title='bbox 1302 1221 1351 1248; x_wconf 86' lang='lat' dir='ltr'><strong>ex</strong></span> <span class='ocrx_word' id='word_1_154' title='bbox 1383 1211 1473 1248; x_wconf 91' lang='lat' dir='ltr'><strong>tam</strong></span> <span class='ocrx_word' id='word_1_155' title='bbox 1506 1207 1592 1249; x_wconf 88' lang='lat' dir='ltr'><strong>alto</strong></span> <span class='ocrx_word' id='word_1_156' title='bbox 1625 1207 1707 1248; x_wconf 85' lang='lat' dir='ltr'><strong>fas-</strong></span> 
     </span>
     <span class='ocr_line' id='line_1_19' title="bbox 151 1264 574 1319; baseline 0.002 -15"><span class='ocrx_word' id='word_1_157' title='bbox 151 1264 260 1319; x_wconf 88' lang='lat' dir='ltr'><strong>tigio</strong></span> <span class='ocrx_word' id='word_1_158' title='bbox 293 1265 574 1318; x_wconf 89' lang='lat' dir='ltr'><strong>aspernantis.</strong></span> 
     </span>
    </p>

    <p class='ocr_par' dir='ltr' id='par_1_5' title="bbox 149 1321 1753 1611">
     <span class='ocr_line' id='line_1_20' title="bbox 271 1321 1752 1377; baseline 0 -14"><span class='ocrx_word' id='word_1_159' title='bbox 271 1321 396 1364; x_wconf 88' lang='lat' dir='ltr'><strong>Dona</strong></span> <span class='ocrx_word' id='word_1_160' title='bbox 426 1323 523 1363; x_wconf 91' lang='lat' dir='ltr'><strong>inde</strong></span> <span class='ocrx_word' id='word_1_161' title='bbox 555 1322 716 1377; x_wconf 87' lang='lat' dir='ltr'><strong>regulis</strong></span> <span class='ocrx_word' id='word_1_162' title='bbox 758 1323 1108 1377; x_wconf 85' lang='lat' dir='ltr'><strong>principibusque</strong></span> <span class='ocrx_word' id='word_1_163' title='bbox 1139 1322 1433 1377; x_wconf 86' lang='lat' dir='ltr'><strong>Hispanorum</strong></span> <span class='ocrx_word' id='word_1_164' title='bbox 1472 1323 1626 1377; x_wconf 81' lang='lat' dir='ltr'><strong>divisa,</strong></span> <span class='ocrx_word' id='word_1_165' title='bbox 1665 1326 1707 1364; x_wconf 91' lang='lat' dir='ltr'><strong>et</strong></span> <span class='ocrx_word' id='word_1_166' title='bbox 1734 1333 1752 1363; x_wconf 84' lang='grc'>7</span> 
     </span>
     <span class='ocr_line' id='line_1_21' title="bbox 154 1381 1707 1436; baseline 0.001 -15"><span class='ocrx_word' id='word_1_167' title='bbox 154 1394 204 1421; x_wconf 83' lang='lat' dir='ltr'><strong>ex</strong></span> <span class='ocrx_word' id='word_1_168' title='bbox 236 1394 394 1436; x_wconf 86' lang='lat' dir='ltr'><strong>magna</strong></span> <span class='ocrx_word' id='word_1_169' title='bbox 426 1381 548 1433; x_wconf 86' lang='lat' dir='ltr'><strong>copia</strong></span> <span class='ocrx_word' id='word_1_170' title='bbox 581 1382 803 1433; x_wconf 88' lang='lat' dir='ltr'><strong>captorum</strong></span> <span class='ocrx_word' id='word_1_171' title='bbox 835 1395 1040 1435; x_wconf 89' lang='lat' dir='ltr'><strong>equorum</strong></span> <span class='ocrx_word' id='word_1_172' title='bbox 1071 1384 1297 1435; x_wconf 87' lang='lat' dir='ltr'><strong>trecentos,</strong></span> <span class='ocrx_word' id='word_1_173' title='bbox 1329 1396 1434 1435; x_wconf 90' lang='lat' dir='ltr'><strong>quos</strong></span> <span class='ocrx_word' id='word_1_174' title='bbox 1467 1382 1604 1435; x_wconf 79' lang='lat' dir='ltr'><strong>vellet,</strong></span> <span class='ocrx_word' id='word_1_175' title='bbox 1637 1381 1707 1422; x_wconf 91' lang='lat' dir='ltr'><strong>eli-</strong></span> 
     </span>
     <span class='ocr_line' id='line_1_22' title="bbox 150 1438 1753 1493; baseline 0.001 -14"><span class='ocrx_word' id='word_1_176' title='bbox 150 1452 249 1493; x_wconf 89' lang='lat' dir='ltr'><strong>gere</strong></span> <span class='ocrx_word' id='word_1_177' title='bbox 281 1438 507 1480; x_wconf 91' lang='lat' dir='ltr'><strong>Indibilem</strong></span> <span class='ocrx_word' id='word_1_178' title='bbox 539 1438 675 1479; x_wconf 89' lang='lat' dir='ltr'><strong>iussit.</strong></span> <span class='ocrx_word' id='word_1_179' title='bbox 744 1453 839 1480; x_wconf 88' lang='lat' dir='ltr'><strong>cum</strong></span> <span class='ocrx_word' id='word_1_180' title='bbox 871 1438 1001 1481; x_wconf 89' lang='lat' dir='ltr'><strong>Afros</strong></span> <span class='ocrx_word' id='word_1_181' title='bbox 1037 1439 1239 1480; x_wconf 86' lang='lat' dir='ltr'><strong>venderet</strong></span> <span class='ocrx_word' id='word_1_182' title='bbox 1276 1440 1395 1481; x_wconf 88' lang='lat' dir='ltr'><strong>iussu</strong></span> <span class='ocrx_word' id='word_1_183' title='bbox 1432 1440 1705 1493; x_wconf 86' lang='lat' dir='ltr'><strong>imperatoris</strong></span> <span class='ocrx_word' id='word_1_184' title='bbox 1733 1449 1753 1480; x_wconf 90' lang='lat'>8</span> 
     </span>
     <span class='ocr_line' id='line_1_23' title="bbox 152 1496 1708 1553; baseline 0.001 -16"><span class='ocrx_word' id='word_1_185' title='bbox 152 1499 366 1550; x_wconf 83' lang='lat' dir='ltr'><strong>quaestor,</strong></span> <span class='ocrx_word' id='word_1_186' title='bbox 392 1511 570 1551; x_wconf 86' lang='lat' dir='ltr'><strong>puerum</strong></span> <span class='ocrx_word' id='word_1_187' title='bbox 598 1496 790 1538; x_wconf 85' lang='lat' dir='ltr'><strong>adultum</strong></span> <span class='ocrx_word' id='word_1_188' title='bbox 815 1498 928 1538; x_wconf 87' lang='lat' dir='ltr'><strong>inter</strong></span> <span class='ocrx_word' id='word_1_189' title='bbox 954 1511 1026 1539; x_wconf 94' lang='lat' dir='ltr'><strong>eos</strong></span> <span class='ocrx_word' id='word_1_190' title='bbox 1052 1498 1191 1539; x_wconf 88' lang='lat' dir='ltr'><strong>forma</strong></span> <span class='ocrx_word' id='word_1_191' title='bbox 1217 1499 1377 1553; x_wconf 88' lang='lat' dir='ltr'><strong>insigni</strong></span> <span class='ocrx_word' id='word_1_192' title='bbox 1404 1513 1499 1540; x_wconf 89' lang='lat' dir='ltr'><strong>cum</strong></span> <span class='ocrx_word' id='word_1_193' title='bbox 1520 1498 1708 1540; x_wconf 83' lang='lat' dir='ltr'><strong>audisset</strong></span> 
     </span>
     <span class='ocr_line' id='line_1_24' title="bbox 149 1553 1752 1611; baseline 0 -15"><span class='ocrx_word' id='word_1_194' title='bbox 149 1555 259 1610; x_wconf 86' lang='lat' dir='ltr'><strong>regii</strong></span> <span class='ocrx_word' id='word_1_195' title='bbox 297 1555 464 1610; x_wconf 91' lang='lat' dir='ltr'><strong>generis</strong></span> <span class='ocrx_word' id='word_1_196' title='bbox 503 1569 613 1608; x_wconf 90' lang='lat' dir='ltr'><strong>esse,</strong></span> <span class='ocrx_word' id='word_1_197' title='bbox 657 1555 708 1596; x_wconf 87' lang='lat' dir='ltr'><strong>ad</strong></span> <span class='ocrx_word' id='word_1_198' title='bbox 743 1553 985 1609; x_wconf 81' lang='lat' dir='ltr'><strong>Scipionem</strong></span> <span class='ocrx_word' id='word_1_199' title='bbox 1024 1556 1154 1598; x_wconf 86' lang='lat' dir='ltr'><strong>misit.</strong></span> <span class='ocrx_word' id='word_1_200' title='bbox 1219 1571 1344 1611; x_wconf 89' lang='lat' dir='ltr'><strong>quem</strong></span> <span class='ocrx_word' id='word_1_201' title='bbox 1377 1571 1472 1599; x_wconf 89' lang='lat' dir='ltr'><strong>cum</strong></span> <span class='ocrx_word' id='word_1_202' title='bbox 1505 1570 1704 1611; x_wconf 90' lang='lat' dir='ltr'><strong>percunc-</strong></span> <span class='ocrx_word' id='word_1_203' title='bbox 1733 1565 1752 1596; x_wconf 86' lang='grc'><strong>9</strong></span> 
     </span>
    </p>
   </div>
   <div class='ocr_carea' id='block_1_5' title="bbox 149 1725 1707 1773">
    <p class='ocr_par' dir='ltr' id='par_1_6' title="bbox 149 1725 1707 1773">
     <span class='ocr_line' id='line_1_25' title="bbox 149 1725 1707 1773; baseline 0.003 -13"><span class='ocrx_word' id='word_1_204' title='bbox 149 1725 225 1761; x_wconf 87' lang='lat' dir='ltr'><strong>lich</strong></span> <span class='ocrx_word' id='word_1_205' title='bbox 271 1727 470 1771; x_wconf 86' lang='lat' dir='ltr'><strong>klingende</strong></span> <span class='ocrx_word' id='word_1_206' title='bbox 515 1737 623 1772; x_wconf 75' lang='lat' dir='ltr'><strong>aeque</strong></span> <span class='ocrx_word' id='word_1_207' title='bbox 667 1730 772 1772; x_wconf 67' lang='lat' dir='ltr'><strong>atque</strong></span> <span class='ocrx_word' id='word_1_208' title='bbox 812 1738 892 1763; x_wconf 87' lang='lat' dir='ltr'><strong>ver·</strong></span> <span class='ocrx_word' id='word_1_209' title='bbox 965 1729 1353 1773; x_wconf 82' lang='lat' dir='ltr'><strong>anerkennenswert“;</strong></span> <span class='ocrx_word' id='word_1_210' title='bbox 1404 1730 1463 1772; x_wconf 86' lang='lat'><strong>30,</strong></span> <span class='ocrx_word' id='word_1_211' title='bbox 1499 1734 1552 1771; x_wconf 81' lang='grc'><strong>17,</strong></span> <span class='ocrx_word' id='word_1_212' title='bbox 1588 1734 1628 1764; x_wconf 91' lang='grc'><strong>11</strong></span> <span class='ocrx_word' id='word_1_213' title='bbox 1667 1730 1707 1765; x_wconf 71' lang='lat' dir='ltr'><strong>id</strong></span> 
     </span>
    </p>
   </div>
   <div class='ocr_carea' id='block_1_6' title="bbox 147 1772 894 2060">
    <p class='ocr_par' dir='ltr' id='par_1_7' title="bbox 147 1772 891 1901">
     <span class='ocr_line' id='line_1_26' title="bbox 148 1772 891 1819; baseline 0.003 -12"><span class='ocrx_word' id='word_1_214' title='bbox 148 1772 291 1808; x_wconf 85' lang='lat' dir='ltr'><strong>meidet</strong></span> <span class='ocrx_word' id='word_1_215' title='bbox 311 1773 427 1808; x_wconf 87' lang='lat' dir='ltr'><strong>selbst</strong></span> <span class='ocrx_word' id='word_1_216' title='bbox 441 1773 567 1809; x_wconf 85' lang='lat' dir='ltr'><strong>Cicero</strong></span> <span class='ocrx_word' id='word_1_217' title='bbox 580 1773 695 1808; x_wconf 87' lang='lat' dir='ltr'><strong>nicht.</strong></span> <span class='ocrx_word' id='word_1_218' title='bbox 729 1773 891 1819; x_wconf 79' lang='lat' dir='ltr'><strong>Philipp.</strong></span> 
     </span>
     <span class='ocr_line' id='line_1_27' title="bbox 147 1818 891 1901; baseline 0.003 -48"><span class='ocrx_word' id='word_1_219' title='bbox 147 1818 290 1901; x_wconf 50' lang='lat' dir='ltr'><strong>ggniffl,</strong></span> <span class='ocrx_word' id='word_1_220' title='bbox 329 1823 373 1854; x_wconf 85' lang='lat'><strong>94</strong></span> <span class='ocrx_word' id='word_1_221' title='bbox 418 1831 526 1865; x_wconf 79' lang='lat' dir='ltr'><strong>aeque</strong></span> <span class='ocrx_word' id='word_1_222' title='bbox 570 1823 675 1865; x_wconf 79' lang='lat' dir='ltr'><strong>atque</strong></span> <span class='ocrx_word' id='word_1_223' title='bbox 718 1821 802 1856; x_wconf 79' lang='lat' dir='ltr'><strong>huic</strong></span> <span class='ocrx_word' id='word_1_224' title='bbox 836 1831 891 1856; x_wconf 90' lang='lat' dir='ltr'><strong>or-</strong></span> 
     </span>
    </p>

    <p class='ocr_par' dir='ltr' id='par_1_8' title="bbox 149 1923 894 2060">
     <span class='ocr_line' id='line_1_28' title="bbox 198 1923 890 1972; baseline 0.003 -13"><span class='ocrx_word' id='word_1_225' title='bbox 198 1933 233 1959; x_wconf 85' lang='lat' dir='ltr'><strong>c.</strong></span> <span class='ocrx_word' id='word_1_226' title='bbox 258 1923 315 1966; x_wconf 86' lang='grc'><strong>19,</strong></span> <span class='ocrx_word' id='word_1_227' title='bbox 338 1929 368 1958; x_wconf 90' lang='grc'><strong>1.</strong></span> <span class='ocrx_word' id='word_1_228' title='bbox 406 1925 445 1959; x_wconf 80' lang='lat' dir='ltr'><strong>in</strong></span> <span class='ocrx_word' id='word_1_229' title='bbox 470 1926 694 1960; x_wconf 73' lang='lat' dir='ltr'><strong>recensendis</strong></span> <span class='ocrx_word' id='word_1_230' title='bbox 719 1926 890 1972; x_wconf 77' lang='lat' dir='ltr'><strong>captivis]</strong></span> 
     </span>
     <span class='ocr_line' id='line_1_29' title="bbox 151 1970 892 2017; baseline 0.004 -13"><span class='ocrx_word' id='word_1_231' title='bbox 151 1970 217 2005; x_wconf 90' lang='lat' dir='ltr'><strong>der</strong></span> <span class='ocrx_word' id='word_1_232' title='bbox 253 1970 405 2005; x_wconf 84' lang='lat' dir='ltr'><strong>Ablativ</strong></span> <span class='ocrx_word' id='word_1_233' title='bbox 448 1970 518 2006; x_wconf 89' lang='lat' dir='ltr'><strong>mit</strong></span> <span class='ocrx_word' id='word_1_234' title='bbox 555 1971 619 2006; x_wconf 90' lang='lat' dir='ltr'><strong>der</strong></span> <span class='ocrx_word' id='word_1_235' title='bbox 656 1972 892 2017; x_wconf 67' lang='lat' dir='ltr'><strong>Praposition</strong></span> 
     </span>
     <span class='ocr_line' id='line_1_30' title="bbox 149 2016 894 2060; baseline 0.003 -9"><span class='ocrx_word' id='word_1_236' title='bbox 149 2017 200 2051; x_wconf 87' lang='lat' dir='ltr'><strong>ist</strong></span> <span class='ocrx_word' id='word_1_237' title='bbox 237 2016 456 2060; x_wconf 80' lang='lat' dir='ltr'><strong>auffallend,</strong></span> <span class='ocrx_word' id='word_1_238' title='bbox 494 2018 542 2053; x_wconf 89' lang='lat' dir='ltr'><strong>da</strong></span> <span class='ocrx_word' id='word_1_239' title='bbox 579 2018 638 2053; x_wconf 89' lang='lat' dir='ltr'><strong>ein</strong></span> <span class='ocrx_word' id='word_1_240' title='bbox 670 2018 798 2053; x_wconf 87' lang='lat' dir='ltr'><strong>Grund</strong></span> <span class='ocrx_word' id='word_1_241' title='bbox 831 2031 894 2054; x_wconf 88' lang='lat' dir='ltr'><strong>zur</strong></span> 
     </span>
    </p>
   </div>
   <div class='ocr_carea' id='block_1_7' title="bbox 146 2063 893 2146">
    <p class='ocr_par' dir='ltr' id='par_1_9' title="bbox 146 2063 893 2146">
     <span class='ocr_line' id='line_1_31' title="bbox 147 2063 893 2109; baseline 0.005 -12"><span class='ocrx_word' id='word_1_242' title='bbox 147 2063 400 2109; x_wconf 87' lang='lat' dir='ltr'><strong>Vermeidung</strong></span> <span class='ocrx_word' id='word_1_243' title='bbox 419 2064 482 2099; x_wconf 85' lang='lat' dir='ltr'><strong>des</strong></span> <span class='ocrx_word' id='word_1_244' title='bbox 504 2064 696 2100; x_wconf 82' lang='lat' dir='ltr'><strong>einfaehen</strong></span> <span class='ocrx_word' id='word_1_245' title='bbox 710 2076 893 2101; x_wconf 75' lang='lat' dir='ltr'><strong>recensens</strong></span> 
     </span>
     <span class='ocr_line' id='line_1_32' title="bbox 146 2109 554 2146; baseline 0.005 -2"><span class='ocrx_word' id='word_1_246' title='bbox 146 2109 252 2145; x_wconf 84' lang='lat' dir='ltr'><strong>nicht</strong></span> <span class='ocrx_word' id='word_1_247' title='bbox 277 2123 322 2145; x_wconf 88' lang='lat' dir='ltr'><strong>zu</strong></span> <span class='ocrx_word' id='word_1_248' title='bbox 346 2111 471 2146; x_wconf 88' lang='lat' dir='ltr'><strong>finden</strong></span> <span class='ocrx_word' id='word_1_249' title='bbox 494 2111 554 2146; x_wconf 89' lang='lat' dir='ltr'><strong>ist.</strong></span> 
     </span>
    </p>
   </div>
   <div class='ocr_carea' id='block_1_8' title="bbox 146 2170 892 2402">
    <p class='ocr_par' dir='ltr' id='par_1_10' title="bbox 146 2170 892 2402">
     <span class='ocr_line' id='line_1_33' title="bbox 197 2170 892 2215; baseline 0.004 -12"><span class='ocrx_word' id='word_1_250' title='bbox 197 2172 229 2203; x_wconf 88' lang='lat'><strong>3.</strong></span> <span class='ocrx_word' id='word_1_251' title='bbox 256 2180 370 2214; x_wconf 74' lang='lat' dir='ltr'><strong>reyem</strong></span> <span class='ocrx_word' id='word_1_252' title='bbox 397 2190 440 2195; x_wconf 85' lang='lat'><strong>—-</strong></span> <span class='ocrx_word' id='word_1_253' title='bbox 467 2170 682 2215; x_wconf 77' lang='lat' dir='ltr'><strong>appellavit]</strong></span> <span class='ocrx_word' id='word_1_254' title='bbox 710 2170 806 2214; x_wconf 86' lang='lat' dir='ltr'><strong>„rief</strong></span> <span class='ocrx_word' id='word_1_255' title='bbox 827 2171 892 2206; x_wconf 87' lang='lat' dir='ltr'><strong>ihn</strong></span> 
     </span>
     <span class='ocr_line' id='line_1_34' title="bbox 146 2215 510 2261; baseline 0.008 -13"><span class='ocrx_word' id='word_1_256' title='bbox 146 2226 228 2249; x_wconf 86' lang='lat' dir='ltr'><strong>zum</strong></span> <span class='ocrx_word' id='word_1_257' title='bbox 254 2215 378 2261; x_wconf 70' lang='lat' dir='ltr'><strong>Konig</strong></span> <span class='ocrx_word' id='word_1_258' title='bbox 411 2218 510 2251; x_wconf 89' lang='lat' dir='ltr'><strong>aus“.</strong></span> 
     </span>
     <span class='ocr_line' id='line_1_35' title="bbox 149 2261 891 2308; baseline 0.005 -14"><span class='ocrx_word' id='word_1_259' title='bbox 149 2261 255 2296; x_wconf 83' lang='lat' dir='ltr'><strong>soher</strong></span> <span class='ocrx_word' id='word_1_260' title='bbox 287 2262 480 2306; x_wconf 74' lang='lat' dir='ltr'><strong>Soldateu,</strong></span> <span class='ocrx_word' id='word_1_261' title='bbox 519 2263 614 2298; x_wconf 84' lang='lat' dir='ltr'><strong>nach</strong></span> <span class='ocrx_word' id='word_1_262' title='bbox 646 2274 891 2308; x_wconf 83' lang='lat' dir='ltr'><strong>gewonnener</strong></span> 
     </span>
     <span class='ocr_line' id='line_1_36' title="bbox 151 2306 890 2355; baseline 0.008 -15"><span class='ocrx_word' id='word_1_263' title='bbox 151 2306 327 2344; x_wconf 82' lang='lat' dir='ltr'><strong>Schlacht</strong></span> <span class='ocrx_word' id='word_1_264' title='bbox 343 2309 414 2344; x_wconf 88' lang='lat' dir='ltr'><strong>den</strong></span> <span class='ocrx_word' id='word_1_265' title='bbox 427 2309 611 2345; x_wconf 74' lang='lat' dir='ltr'><strong>Anfiihrer</strong></span> <span class='ocrx_word' id='word_1_266' title='bbox 633 2310 689 2344; x_wconf 84' lang='lat' dir='ltr'><strong>als</strong></span> <span class='ocrx_word' id='word_1_267' title='bbox 712 2312 890 2355; x_wconf 76' lang='lat' dir='ltr'><strong>„impera-</strong></span> 
     </span>
     <span class='ocr_line' id='line_1_37' title="bbox 147 2354 891 2402; baseline 0.007 -15"><span class='ocrx_word' id='word_1_268' title='bbox 147 2354 226 2388; x_wconf 81' lang='lat' dir='ltr'><strong>tor“</strong></span> <span class='ocrx_word' id='word_1_269' title='bbox 266 2366 309 2389; x_wconf 87' lang='lat' dir='ltr'><strong>zu</strong></span> <span class='ocrx_word' id='word_1_270' title='bbox 346 2356 541 2401; x_wconf 75' lang='lat' dir='ltr'><strong>begrfifsen</strong></span> <span class='ocrx_word' id='word_1_271' title='bbox 581 2358 810 2402; x_wconf 78' lang='lat' dir='ltr'><strong>(appellare),</strong></span> <span class='ocrx_word' id='word_1_272' title='bbox 843 2357 891 2392; x_wconf 86' lang='lat' dir='ltr'><strong>ist</strong></span> 
     </span>
    </p>
   </div>
   <div class='ocr_carea' id='block_1_9' title="bbox 147 2399 890 2491">
    <p class='ocr_par' dir='ltr' id='par_1_11' title="bbox 147 2399 890 2491">
     <span class='ocr_line' id='line_1_38' title="bbox 147 2399 890 2448; baseline 0.008 -15"><span class='ocrx_word' id='word_1_273' title='bbox 147 2399 217 2434; x_wconf 89' lang='lat' dir='ltr'><strong>mit</strong></span> <span class='ocrx_word' id='word_1_274' title='bbox 243 2399 509 2448; x_wconf 69' lang='lat' dir='ltr'><strong>Veranderung</strong></span> <span class='ocrx_word' id='word_1_275' title='bbox 543 2403 606 2438; x_wconf 86' lang='lat' dir='ltr'><strong>des</strong></span> <span class='ocrx_word' id='word_1_276' title='bbox 631 2403 748 2439; x_wconf 90' lang='lat' dir='ltr'><strong>Titels</strong></span> <span class='ocrx_word' id='word_1_277' title='bbox 780 2405 890 2439; x_wconf 80' lang='lat' dir='ltr'><strong>nach-</strong></span> 
     </span>
     <span class='ocr_line' id='line_1_39' title="bbox 147 2446 310 2491; baseline 0 -10"><span class='ocrx_word' id='word_1_278' title='bbox 147 2446 310 2491; x_wconf 84' lang='lat' dir='ltr'><strong>geahmt.</strong></span> 
     </span>
    </p>
   </div>
   <div class='ocr_carea' id='block_1_10' title="bbox 145 2506 892 2785">
    <p class='ocr_par' dir='ltr' id='par_1_12' title="bbox 145 2506 892 2785">
     <span class='ocr_line' id='line_1_40' title="bbox 194 2506 891 2553; baseline 0.009 -15"><span class='ocrx_word' id='word_1_279' title='bbox 194 2509 224 2539; x_wconf 88' lang='lat'><strong>5.</strong></span> <span class='ocrx_word' id='word_1_280' title='bbox 266 2506 418 2550; x_wconf 73' lang='lat' dir='ltr'><strong>reyalem</strong></span> <span class='ocrx_word' id='word_1_281' title='bbox 427 2508 605 2553; x_wconf 75' lang='lat' dir='ltr'><strong>animum]</strong></span> <span class='ocrx_word' id='word_1_282' title='bbox 619 2508 742 2550; x_wconf 88' lang='lat' dir='ltr'><strong>„eines</strong></span> <span class='ocrx_word' id='word_1_283' title='bbox 751 2509 891 2553; x_wconf 70' lang='lat' dir='ltr'><strong>Konigs</strong></span> 
     </span>
     <span class='ocr_line' id='line_1_41' title="bbox 145 2551 892 2600; baseline 0.007 -15"><span class='ocrx_word' id='word_1_284' title='bbox 145 2551 331 2596; x_wconf 73' lang='lat' dir='ltr'><strong>wfirdjger</strong></span> <span class='ocrx_word' id='word_1_285' title='bbox 376 2552 510 2596; x_wconf 82' lang='lat' dir='ltr'><strong>Sinn“;</strong></span> <span class='ocrx_word' id='word_1_286' title='bbox 555 2553 724 2599; x_wconf 84' lang='lat' dir='ltr'><strong>dagegen</strong></span> <span class='ocrx_word' id='word_1_287' title='bbox 770 2556 892 2600; x_wconf 65' lang='lat' dir='ltr'><strong>regius</strong></span> 
     </span>
     <span class='ocr_line' id='line_1_42' title="bbox 147 2597 889 2645; baseline 0.008 -14"><span class='ocrx_word' id='word_1_288' title='bbox 147 2613 192 2625; x_wconf 85' lang='lat'>=</span> <span class='ocrx_word' id='word_1_289' title='bbox 200 2597 342 2640; x_wconf 85' lang='lat' dir='ltr'><strong>„einem</strong></span> <span class='ocrx_word' id='word_1_290' title='bbox 351 2598 472 2645; x_wconf 73' lang='lat' dir='ltr'><strong>Konig</strong></span> <span class='ocrx_word' id='word_1_291' title='bbox 481 2600 676 2645; x_wconf 72' lang='lat' dir='ltr'><strong>geborig“;</strong></span> <span class='ocrx_word' id='word_1_292' title='bbox 693 2602 751 2636; x_wconf 89' lang='lat' dir='ltr'><strong>ein</strong></span> <span class='ocrx_word' id='word_1_293' title='bbox 758 2601 889 2637; x_wconf 87' lang='lat' dir='ltr'><strong>Unter-</strong></span> 
     </span>
     <span class='ocr_line' id='line_1_43' title="bbox 147 2642 890 2691; baseline 0.007 -14"><span class='ocrx_word' id='word_1_294' title='bbox 147 2642 291 2687; x_wconf 84' lang='lat' dir='ltr'><strong>schied,</strong></span> <span class='ocrx_word' id='word_1_295' title='bbox 324 2645 394 2680; x_wconf 89' lang='lat' dir='ltr'><strong>den</strong></span> <span class='ocrx_word' id='word_1_296' title='bbox 425 2646 503 2681; x_wconf 89' lang='lat' dir='ltr'><strong>Liv.</strong></span> <span class='ocrx_word' id='word_1_297' title='bbox 527 2646 664 2691; x_wconf 86' lang='lat' dir='ltr'><strong>jedoch</strong></span> <span class='ocrx_word' id='word_1_298' title='bbox 688 2648 793 2682; x_wconf 84' lang='lat' dir='ltr'><strong>nicht</strong></span> <span class='ocrx_word' id='word_1_299' title='bbox 817 2647 890 2683; x_wconf 87' lang='lat' dir='ltr'><strong>fest</strong></span> 
     </span>
     <span class='ocr_line' id='line_1_44' title="bbox 145 2689 889 2739; baseline 0.008 -16"><span class='ocrx_word' id='word_1_300' title='bbox 145 2689 236 2724; x_wconf 68' lang='lat' dir='ltr'><strong>halt.</strong></span> <span class='ocrx_word' id='word_1_301' title='bbox 264 2690 322 2732; x_wconf 77' lang='lat'><strong>29,</strong></span> <span class='ocrx_word' id='word_1_302' title='bbox 344 2696 399 2735; x_wconf 88' lang='grc'>31,</span> <span class='ocrx_word' id='word_1_303' title='bbox 422 2697 463 2727; x_wconf 85' lang='grc'><strong>12</strong></span> <span class='ocrx_word' id='word_1_304' title='bbox 498 2695 562 2728; x_wconf 71' lang='lat' dir='ltr'><strong>via:</strong></span> <span class='ocrx_word' id='word_1_305' title='bbox 596 2695 763 2739; x_wconf 77' lang='lat' dir='ltr'><strong>reqium</strong></span> <span class='ocrx_word' id='word_1_306' title='bbox 794 2695 889 2729; x_wconf 76' lang='lat' dir='ltr'><strong>vide-</strong></span> 
     </span>
     <span class='ocr_line' id='line_1_45' title="bbox 146 2736 805 2785; baseline 0.006 -15"><span class='ocrx_word' id='word_1_307' title='bbox 146 2736 264 2771; x_wconf 73' lang='lat' dir='ltr'><strong>batur.</strong></span> <span class='ocrx_word' id='word_1_308' title='bbox 317 2737 350 2780; x_wconf 89' lang='grc'><strong>1,</strong></span> <span class='ocrx_word' id='word_1_309' title='bbox 372 2742 428 2781; x_wconf 83' lang='grc'><strong>47,</strong></span> <span class='ocrx_word' id='word_1_310' title='bbox 448 2744 470 2773; x_wconf 84' lang='grc'>4</span> <span class='ocrx_word' id='word_1_311' title='bbox 495 2741 642 2785; x_wconf 76' lang='lat' dir='ltr'><strong>reyale</strong></span> <span class='ocrx_word' id='word_1_312' title='bbox 666 2742 805 2776; x_wconf 74' lang='lat' dir='ltr'><strong>solium.</strong></span> 
     </span>
    </p>
   </div>
   <div class='ocr_carea' id='block_1_11' title="bbox 143 2796 890 2882">
    <p class='ocr_par' dir='ltr' id='par_1_13' title="bbox 143 2796 890 2882">
     <span class='ocr_line' id='line_1_46' title="bbox 195 2796 890 2845; baseline 0.009 -16"><span class='ocrx_word' id='word_1_313' title='bbox 195 2806 236 2830; x_wconf 83' lang='lat' dir='ltr'><strong>m</strong></span> <span class='ocrx_word' id='word_1_314' title='bbox 262 2814 305 2820; x_wconf 93' lang='lat'><strong>——</strong></span> <span class='ocrx_word' id='word_1_315' title='bbox 332 2796 479 2841; x_wconf 73' lang='lat' dir='ltr'><strong>inqenio</strong></span> <span class='ocrx_word' id='word_1_316' title='bbox 511 2799 787 2845; x_wconf 75' lang='lat' dir='ltr'><strong>amplissimum]</strong></span> <span class='ocrx_word' id='word_1_317' title='bbox 819 2810 890 2843; x_wconf 84' lang='lat' dir='ltr'><strong>„an</strong></span> 
     </span>
     <span class='ocr_line' id='line_1_47' title="bbox 143 2841 889 2882; baseline 0.009 -7"><span class='ocrx_word' id='word_1_318' title='bbox 143 2860 190 2866; x_wconf 91' lang='lat'><strong>—</strong></span> <span class='ocrx_word' id='word_1_319' title='bbox 241 2842 359 2877; x_wconf 89' lang='lat' dir='ltr'><strong>einem</strong></span> <span class='ocrx_word' id='word_1_320' title='bbox 405 2841 530 2879; x_wconf 85' lang='lat' dir='ltr'><strong>Geiste</strong></span> <span class='ocrx_word' id='word_1_321' title='bbox 581 2846 639 2880; x_wconf 77' lang='lat' dir='ltr'><strong>fiir</strong></span> <span class='ocrx_word' id='word_1_322' title='bbox 691 2846 889 2882; x_wconf 90' lang='lat' dir='ltr'><strong>besonders</strong></span> 
     </span>
    </p>
   </div>
   <div class='ocr_carea' id='block_1_12' title="bbox 560 2215 897 2252">
    <p class='ocr_par' dir='ltr' id='par_1_14' title="bbox 560 2215 897 2252">
     <span class='ocr_line' id='line_1_48' title="bbox 560 2215 897 2252; baseline 0 -1"><span class='ocrx_word' id='word_1_323' title='bbox 560 2216 629 2252; x_wconf 92' lang='lat' dir='ltr'><strong>Die</strong></span> <span class='ocrx_word' id='word_1_324' title='bbox 656 2215 751 2251; x_wconf 81' lang='lat' dir='ltr'><strong>Sitte</strong></span> <span class='ocrx_word' id='word_1_325' title='bbox 780 2218 897 2252; x_wconf 30' lang='lat' dir='ltr'><strong>romi-⁷</strong></span> 
     </span>
    </p>
   </div>
   <div class='ocr_carea' id='block_1_13' title="bbox 962 1776 1708 2893">
    <p class='ocr_par' dir='ltr' id='par_1_15' title="bbox 963 1776 1707 1904">
     <span class='ocr_line' id='line_1_49' title="bbox 964 1776 1706 1821; baseline 0.001 -11"><span class='ocrx_word' id='word_1_326' title='bbox 964 1776 1036 1810; x_wconf 71' lang='lat' dir='ltr'><strong>sibi</strong></span> <span class='ocrx_word' id='word_1_327' title='bbox 1067 1776 1226 1820; x_wconf 75' lang='lat' dir='ltr'><strong>amplum</strong></span> <span class='ocrx_word' id='word_1_328' title='bbox 1259 1777 1360 1820; x_wconf 75' lang='lat' dir='ltr'><strong>apud</strong></span> <span class='ocrx_word' id='word_1_329' title='bbox 1386 1777 1584 1821; x_wconf 73' lang='lat' dir='ltr'><strong>populares</strong></span> <span class='ocrx_word' id='word_1_330' title='bbox 1607 1777 1706 1819; x_wconf 74' lang='lat' dir='ltr'><strong>futu-</strong></span> 
     </span>
     <span class='ocr_line' id='line_1_50' title="bbox 963 1822 1707 1868; baseline 0.001 -12"><span class='ocrx_word' id='word_1_331' title='bbox 963 1833 1045 1857; x_wconf 82' lang='lat' dir='ltr'><strong>rum</strong></span> <span class='ocrx_word' id='word_1_332' title='bbox 1069 1833 1140 1857; x_wconf 83' lang='lat' dir='ltr'><strong>esse</strong></span> <span class='ocrx_word' id='word_1_333' title='bbox 1166 1823 1310 1866; x_wconf 86' lang='lat' dir='ltr'><strong>„werde</strong></span> <span class='ocrx_word' id='word_1_334' title='bbox 1333 1822 1411 1857; x_wconf 86' lang='lat' dir='ltr'><strong>ihm</strong></span> <span class='ocrx_word' id='word_1_335' title='bbox 1432 1823 1707 1868; x_wconf 84' lang='lat' dir='ltr'><strong>Anerkennung</strong></span> 
     </span>
     <span class='ocr_line' id='line_1_51' title="bbox 964 1869 1228 1904; baseline -0.004 0"><span class='ocrx_word' id='word_1_336' title='bbox 964 1869 1228 1904; x_wconf 85' lang='lat' dir='ltr'><strong>verschaffen“.</strong></span> 
     </span>
    </p>

    <p class='ocr_par' dir='ltr' id='par_1_16' title="bbox 963 1916 1708 2278">
     <span class='ocr_line' id='line_1_52' title="bbox 1012 1916 1706 1961; baseline 0.001 -11"><span class='ocrx_word' id='word_1_337' title='bbox 1012 1917 1118 1950; x_wconf 78' lang='lat' dir='ltr'><strong>taciti</strong></span> <span class='ocrx_word' id='word_1_338' title='bbox 1148 1916 1370 1961; x_wconf 76' lang='lat' dir='ltr'><strong>iudicarent]</strong></span> <span class='ocrx_word' id='word_1_339' title='bbox 1404 1916 1492 1959; x_wconf 81' lang='lat' dir='ltr'><strong>„das</strong></span> <span class='ocrx_word' id='word_1_340' title='bbox 1525 1927 1706 1961; x_wconf 86' lang='lat' dir='ltr'><strong>unausge-</strong></span> 
     </span>
     <span class='ocr_line' id='line_1_53' title="bbox 965 1962 1708 2006; baseline 0.003 -10"><span class='ocrx_word' id='word_1_341' title='bbox 965 1962 1168 2006; x_wconf 85' lang='lat' dir='ltr'><strong>sproehene</strong></span> <span class='ocrx_word' id='word_1_342' title='bbox 1188 1962 1307 1997; x_wconf 87' lang='lat' dir='ltr'><strong>Urteil</strong></span> <span class='ocrx_word' id='word_1_343' title='bbox 1332 1962 1487 2005; x_wconf 72' lang='lat' dir='ltr'><strong>fallen“;</strong></span> <span class='ocrx_word' id='word_1_344' title='bbox 1514 1963 1592 1997; x_wconf 76' lang='lat' dir='ltr'><strong>Liv.</strong></span> <span class='ocrx_word' id='word_1_345' title='bbox 1614 1963 1708 1998; x_wconf 88' lang='lat' dir='ltr'><strong>liebt</strong></span> 
     </span>
     <span class='ocr_line' id='line_1_54' title="bbox 967 2008 1706 2054; baseline 0.003 -12"><span class='ocrx_word' id='word_1_346' title='bbox 967 2008 1139 2044; x_wconf 79' lang='lat' dir='ltr'><strong>‘ahnliche</strong></span> <span class='ocrx_word' id='word_1_347' title='bbox 1159 2008 1459 2054; x_wconf 87' lang='lat' dir='ltr'><strong>Verbindungen‚</strong></span> <span class='ocrx_word' id='word_1_348' title='bbox 1486 2010 1572 2045; x_wconf 89' lang='lat' dir='ltr'><strong>wie:</strong></span> <span class='ocrx_word' id='word_1_349' title='bbox 1593 2011 1706 2045; x_wconf 80' lang='lat' dir='ltr'><strong>tacita</strong></span> 
     </span>
     <span class='ocr_line' id='line_1_55' title="bbox 965 2056 1706 2101; baseline 0.003 -11"><span class='ocrx_word' id='word_1_350' title='bbox 965 2056 1150 2098; x_wconf 82' lang='lat' dir='ltr'><strong>confessio,</strong></span> <span class='ocrx_word' id='word_1_351' title='bbox 1177 2057 1370 2099; x_wconf 69' lang='lat' dir='ltr'><strong>divinatio,</strong></span> <span class='ocrx_word' id='word_1_352' title='bbox 1390 2058 1571 2100; x_wconf 76' lang='lat' dir='ltr'><strong>coyz&#39;tatio,</strong></span> <span class='ocrx_word' id='word_1_353' title='bbox 1590 2058 1706 2101; x_wconf 83' lang='lat' dir='ltr'><strong>suspi-</strong></span> 
     </span>
     <span class='ocr_line' id='line_1_56' title="bbox 965 2102 1706 2147; baseline 0.003 -11"><span class='ocrx_word' id='word_1_354' title='bbox 965 2102 1036 2144; x_wconf 83' lang='lat' dir='ltr'><strong>cio,</strong></span> <span class='ocrx_word' id='word_1_355' title='bbox 1073 2104 1274 2144; x_wconf 74' lang='lat' dir='ltr'><strong>maestitia;</strong></span> <span class='ocrx_word' id='word_1_356' title='bbox 1316 2104 1450 2138; x_wconf 77' lang='lat' dir='ltr'><strong>tacitus</strong></span> <span class='ocrx_word' id='word_1_357' title='bbox 1486 2107 1616 2147; x_wconf 81' lang='lat' dir='ltr'><strong>metus,</strong></span> <span class='ocrx_word' id='word_1_358' title='bbox 1652 2107 1706 2138; x_wconf 81' lang='lat' dir='ltr'><strong>ta-</strong></span> 
     </span>
     <span class='ocr_line' id='line_1_57' title="bbox 963 2149 1705 2194; baseline 0.001 -11"><span class='ocrx_word' id='word_1_359' title='bbox 963 2149 1056 2184; x_wconf 74' lang='lat' dir='ltr'><strong>citae</strong></span> <span class='ocrx_word' id='word_1_360' title='bbox 1069 2150 1246 2194; x_wconf 74' lang='lat' dir='ltr'><strong>ambayes,</strong></span> <span class='ocrx_word' id='word_1_361' title='bbox 1265 2151 1414 2185; x_wconf 80' lang='lat' dir='ltr'><strong>tacitum</strong></span> <span class='ocrx_word' id='word_1_362' title='bbox 1433 2151 1610 2194; x_wconf 76' lang='lat' dir='ltr'><strong>yaudium</strong></span> <span class='ocrx_word' id='word_1_363' title='bbox 1624 2162 1658 2184; x_wconf 90' lang='lat' dir='ltr'><strong>u.</strong></span> <span class='ocrx_word' id='word_1_364' title='bbox 1674 2160 1705 2185; x_wconf 91' lang='lat' dir='ltr'><strong>a.</strong></span> 
     </span>
     <span class='ocr_line' id='line_1_58' title="bbox 965 2196 1708 2241; baseline 0.001 -11"><span class='ocrx_word' id='word_1_365' title='bbox 965 2212 1008 2224; x_wconf 93' lang='lat'><strong><em>=</em></strong></span> <span class='ocrx_word' id='word_1_366' title='bbox 1053 2196 1440 2241; x_wconf 87' lang='lat' dir='ltr'><strong>unausgesprochenes</strong></span> <span class='ocrx_word' id='word_1_367' title='bbox 1484 2196 1708 2232; x_wconf 65' lang='lat' dir='ltr'><strong>Gestandnis</strong></span> 
     </span>
     <span class='ocr_line' id='line_1_59' title="bbox 963 2243 1102 2278; baseline 0.014 -2"><span class='ocrx_word' id='word_1_368' title='bbox 963 2254 996 2276; x_wconf 88' lang='lat' dir='ltr'><strong>u.</strong></span> <span class='ocrx_word' id='word_1_369' title='bbox 1026 2253 1051 2276; x_wconf 90' lang='lat' dir='ltr'><strong>s.</strong></span> <span class='ocrx_word' id='word_1_370' title='bbox 1079 2243 1102 2278; x_wconf 89' lang='lat' dir='ltr'><strong>f.</strong></span> 
     </span>
    </p>

    <p class='ocr_par' dir='ltr' id='par_1_17' title="bbox 962 2290 1706 2558">
     <span class='ocr_line' id='line_1_60' title="bbox 1010 2290 1702 2335; baseline 0.001 -12"><span class='ocrx_word' id='word_1_371' title='bbox 1010 2293 1041 2324; x_wconf 85' lang='grc'><strong>6.</strong></span> <span class='ocrx_word' id='word_1_372' title='bbox 1087 2290 1191 2324; x_wconf 75' lang='lat' dir='ltr'><strong>cuius</strong></span> <span class='ocrx_word' id='word_1_373' title='bbox 1222 2291 1398 2325; x_wconf 69' lang='lat' dir='ltr'><strong>mirac-ulo</strong></span> <span class='ocrx_word' id='word_1_374' title='bbox 1430 2310 1473 2315; x_wconf 80' lang='lat'><strong>—-</strong></span> <span class='ocrx_word' id='word_1_375' title='bbox 1505 2290 1702 2335; x_wconf 75' lang='lat' dir='ltr'><strong>stuperent]</strong></span> 
     </span>
     <span class='ocr_line' id='line_1_61' title="bbox 963 2335 1706 2379; baseline 0.003 -10"><span class='ocrx_word' id='word_1_376' title='bbox 963 2335 1046 2378; x_wconf 88' lang='lat' dir='ltr'><strong>„ein</strong></span> <span class='ocrx_word' id='word_1_377' title='bbox 1077 2335 1191 2379; x_wconf 86' lang='lat' dir='ltr'><strong>Titel,</strong></span> <span class='ocrx_word' id='word_1_378' title='bbox 1230 2337 1321 2371; x_wconf 79' lang='lat' dir='ltr'><strong>fiber</strong></span> <span class='ocrx_word' id='word_1_379' title='bbox 1358 2336 1488 2372; x_wconf 87' lang='lat' dir='ltr'><strong>dessen</strong></span> <span class='ocrx_word' id='word_1_380' title='bbox 1519 2336 1706 2372; x_wconf 85' lang='lat' dir='ltr'><strong>Erhaben-</strong></span> 
     </span>
     <span class='ocr_line' id='line_1_62' title="bbox 962 2382 1704 2427; baseline 0.003 -11"><span class='ocrx_word' id='word_1_381' title='bbox 962 2382 1041 2416; x_wconf 88' lang='lat' dir='ltr'><strong>heit</strong></span> <span class='ocrx_word' id='word_1_382' title='bbox 1065 2383 1199 2418; x_wconf 86' lang='lat' dir='ltr'><strong>andere</strong></span> <span class='ocrx_word' id='word_1_383' title='bbox 1227 2384 1440 2427; x_wconf 85' lang='lat' dir='ltr'><strong>staunten“;</strong></span> <span class='ocrx_word' id='word_1_384' title='bbox 1471 2384 1704 2418; x_wconf 82' lang='lat' dir='ltr'><strong>miraculum:</strong></span> 
     </span>
     <span class='ocr_line' id='line_1_63' title="bbox 964 2428 1704 2475; baseline 0.003 -12"><span class='ocrx_word' id='word_1_385' title='bbox 964 2428 1029 2464; x_wconf 86' lang='lat' dir='ltr'><strong>das</strong></span> <span class='ocrx_word' id='word_1_386' title='bbox 1044 2429 1309 2472; x_wconf 84' lang='lat' dir='ltr'><strong>Wunderbare,</strong></span> <span class='ocrx_word' id='word_1_387' title='bbox 1331 2432 1423 2465; x_wconf 87' lang='lat' dir='ltr'><strong>stets</strong></span> <span class='ocrx_word' id='word_1_388' title='bbox 1443 2431 1511 2465; x_wconf 89' lang='lat' dir='ltr'><strong>mit</strong></span> <span class='ocrx_word' id='word_1_389' title='bbox 1526 2430 1704 2475; x_wconf 65' lang='lat' dir='ltr'><strong>abhangi-</strong></span> 
     </span>
     <span class='ocr_line' id='line_1_64' title="bbox 963 2475 1704 2520; baseline 0 -10"><span class='ocrx_word' id='word_1_390' title='bbox 963 2486 1035 2520; x_wconf 88' lang='lat' dir='ltr'><strong>gen</strong></span> <span class='ocrx_word' id='word_1_391' title='bbox 1061 2475 1258 2512; x_wconf 72' lang='lat' dir='ltr'><strong>Genitiven</strong></span> <span class='ocrx_word' id='word_1_392' title='bbox 1284 2477 1512 2512; x_wconf 87' lang='lat' dir='ltr'><strong>verbunden:</strong></span> <span class='ocrx_word' id='word_1_393' title='bbox 1545 2477 1615 2511; x_wconf 84' lang='lat' dir='ltr'><strong>wie</strong></span> <span class='ocrx_word' id='word_1_394' title='bbox 1641 2477 1704 2518; x_wconf 82' lang='lat' dir='ltr'><strong>rei,</strong></span> 
     </span>
     <span class='ocr_line' id='line_1_65' title="bbox 962 2523 1162 2558; baseline 0.01 -2"><span class='ocrx_word' id='word_1_395' title='bbox 962 2523 1016 2556; x_wconf 78' lang='lat' dir='ltr'><strong>rei</strong></span> <span class='ocrx_word' id='word_1_396' title='bbox 1040 2533 1162 2558; x_wconf 77' lang='lat' dir='ltr'><strong>novae.</strong></span> 
     </span>
    </p>

    <p class='ocr_par' dir='ltr' id='par_1_18' title="bbox 962 2570 1703 2893">
     <span class='ocr_line' id='line_1_66' title="bbox 1011 2570 1478 2616; baseline 0.002 -12"><span class='ocrx_word' id='word_1_397' title='bbox 1011 2580 1055 2604; x_wconf 79' lang='lat' dir='ltr'><strong>ex</strong></span> <span class='ocrx_word' id='word_1_398' title='bbox 1095 2573 1168 2604; x_wconf 80' lang='lat' dir='ltr'><strong>tam</strong></span> <span class='ocrx_word' id='word_1_399' title='bbox 1208 2571 1281 2605; x_wconf 77' lang='lat' dir='ltr'><strong>alto</strong></span> <span class='ocrx_word' id='word_1_400' title='bbox 1312 2570 1478 2616; x_wconf 73' lang='lat' dir='ltr'><strong>fastiqio]</strong></span> 
     </span>
     <span class='ocr_line' id='line_1_67' title="bbox 963 2614 1703 2660; baseline 0.003 -11"><span class='ocrx_word' id='word_1_401' title='bbox 963 2614 1082 2650; x_wconf 83' lang='lat' dir='ltr'><strong>einem</strong></span> <span class='ocrx_word' id='word_1_402' title='bbox 1121 2627 1160 2651; x_wconf 86' lang='lat' dir='ltr'><strong>so</strong></span> <span class='ocrx_word' id='word_1_403' title='bbox 1199 2617 1407 2651; x_wconf 87' lang='lat' dir='ltr'><strong>erhabenen</strong></span> <span class='ocrx_word' id='word_1_404' title='bbox 1445 2617 1703 2660; x_wconf 84' lang='lat' dir='ltr'><strong>Standpunkte</strong></span> 
     </span>
     <span class='ocr_line' id='line_1_68' title="bbox 963 2662 1702 2705; baseline 0.003 -10"><span class='ocrx_word' id='word_1_405' title='bbox 963 2672 1027 2696; x_wconf 87' lang='lat' dir='ltr'><strong>aus</strong></span> <span class='ocrx_word' id='word_1_406' title='bbox 1048 2662 1128 2696; x_wconf 86' lang='lat' dir='ltr'><strong>eine</strong></span> <span class='ocrx_word' id='word_1_407' title='bbox 1141 2662 1262 2697; x_wconf 87' lang='lat' dir='ltr'><strong>Krone</strong></span> <span class='ocrx_word' id='word_1_408' title='bbox 1277 2663 1570 2698; x_wconf 67' lang='lat' dir='ltr'><strong>verschmahte“.</strong></span> <span class='ocrx_word' id='word_1_409' title='bbox 1597 2663 1702 2705; x_wconf 75' lang='lat' dir='ltr'><strong>fasti-</strong></span> 
     </span>
     <span class='ocr_line' id='line_1_69' title="bbox 962 2708 1703 2754; baseline 0 -12"><span class='ocrx_word' id='word_1_410' title='bbox 962 2708 1062 2752; x_wconf 81' lang='lat' dir='ltr'><strong>9ium</strong></span> <span class='ocrx_word' id='word_1_411' title='bbox 1088 2709 1176 2754; x_wconf 77' lang='lat' dir='ltr'><strong>eig:</strong></span> <span class='ocrx_word' id='word_1_412' title='bbox 1203 2709 1351 2753; x_wconf 89' lang='lat' dir='ltr'><strong>Giebel,</strong></span> <span class='ocrx_word' id='word_1_413' title='bbox 1383 2709 1431 2743; x_wconf 85' lang='lat' dir='ltr'><strong>ist</strong></span> <span class='ocrx_word' id='word_1_414' title='bbox 1456 2709 1517 2744; x_wconf 87' lang='lat' dir='ltr'><strong>bei</strong></span> <span class='ocrx_word' id='word_1_415' title='bbox 1542 2708 1619 2744; x_wconf 85' lang='lat' dir='ltr'><strong>Liv.</strong></span> <span class='ocrx_word' id='word_1_416' title='bbox 1648 2708 1703 2743; x_wconf 83' lang='lat' dir='ltr'><strong>oft</strong></span> 
     </span>
     <span class='ocr_line' id='line_1_70' title="bbox 963 2755 1701 2800; baseline 0.001 -11"><span class='ocrx_word' id='word_1_417' title='bbox 963 2771 1006 2783; x_wconf 92' lang='lat'><strong><em>=</em></strong></span> <span class='ocrx_word' id='word_1_418' title='bbox 1039 2755 1156 2790; x_wconf 87' lang='lat' dir='ltr'><strong>hohcr</strong></span> <span class='ocrx_word' id='word_1_419' title='bbox 1182 2755 1432 2800; x_wconf 73' lang='lat' dir='ltr'><strong>Standpunkt3</strong></span> <span class='ocrx_word' id='word_1_420' title='bbox 1466 2756 1580 2790; x_wconf 85' lang='lat' dir='ltr'><strong>daher</strong></span> <span class='ocrx_word' id='word_1_421' title='bbox 1611 2757 1701 2791; x_wconf 86' lang='lat' dir='ltr'><strong>stets</strong></span> 
     </span>
     <span class='ocr_line' id='line_1_71' title="bbox 962 2802 1701 2882; baseline 0.004 -47"><span class='ocrx_word' id='word_1_422' title='bbox 962 2802 1088 2882; x_wconf 59' lang='lat' dir='ltr'><strong>amiim’</strong></span> <span class='ocrx_word' id='word_1_423' title='bbox 1108 2805 1249 2837; x_wconf 78' lang='lat' dir='ltr'><strong>tantum</strong></span> <span class='ocrx_word' id='word_1_424' title='bbox 1270 2803 1457 2848; x_wconf 75' lang='lat' dir='ltr'><strong>fastiyium</strong></span> <span class='ocrx_word' id='word_1_425' title='bbox 1479 2803 1554 2846; x_wconf 87' lang='lat' dir='ltr'><strong>(bei</strong></span> <span class='ocrx_word' id='word_1_426' title='bbox 1574 2802 1701 2838; x_wconf 90' lang='lat' dir='ltr'><strong>Cicero</strong></span> 
     </span>
     <span class='ocr_line' id='line_1_72' title="bbox 962 2848 1089 2893; baseline 0.008 -11"><span class='ocrx_word' id='word_1_427' title='bbox 962 2848 1019 2883; x_wconf 90' lang='lat' dir='ltr'><strong>nic</strong></span> <span class='ocrx_word' id='word_1_428' title='bbox 1049 2850 1089 2893; x_wconf 84' lang='lat' dir='ltr'><strong>t).</strong></span> 
     </span>
    </p>
   </div>
   <div class='ocr_carea' id='block_1_14' title="bbox 1512 2569 1704 2612">
    <p class='ocr_par' dir='ltr' id='par_1_19' title="bbox 1512 2569 1704 2612">
     <span class='ocr_line' id='line_1_73' title="bbox 1512 2569 1704 2612; baseline -0.005 -9"><span class='ocrx_word' id='word_1_429' title='bbox 1512 2569 1601 2612; x_wconf 87' lang='lat' dir='ltr'><strong>„der</strong></span> <span class='ocrx_word' id='word_1_430' title='bbox 1631 2580 1704 2604; x_wconf 80' lang='lat' dir='ltr'><strong>von</strong></span> 
     </span>
    </p>
   </div>
  </div>
 </body>
</html>
