1926 3219
802 123 1016 160 ANHANG.
1625 122 1678 163 91

232 240 268 266 c.
288 230 349 273 20,
369 234 388 264 2
415 234 520 275 atque
545 230 776 276 Hasdrubal]
804 235 909 274 atque
933 231 1023 265 alter
1049 229 1265 264 Hasdrubal
1291 230 1332 262 Σ.

226 277 274 311 ib.
296 280 316 311 8
341 288 432 321 quae
456 278 673 322 statuerant]
700 288 790 322 quae
814 280 1017 312 statuerant
1041 277 1147 310 duces
1172 277 1214 310 Σ.

229 323 278 359 ib.
302 327 343 358 12
369 324 500 358 rediret
543 325 678 358 veniret
704 326 745 359 Σ.

222 379 259 405 c.
285 369 344 412 21,
371 374 391 404 5
420 370 460 415 Q.
511 370 682 416 'laudius]
712 371 751 415 Q.
781 370 958 405 Claudius
983 369 1140 404 Flamen
1166 370 1208 403 Σ,

227 426 261 452 c.
282 416 342 459 22,
363 421 384 450 4
412 421 649 462 proroqatum
679 419 868 462 imperium
899 418 940 451 in
965 427 1102 451 annum
1127 415 1192 460 est]
1217 418 1451 458 proroqatum
1480 415 1518 448 in
1544 424 1681 449 annum

295 464 485 507 imperium
510 468 558 498 est
585 465 628 498 Σ.

224 509 273 544 ib.
296 514 315 544 6
342 511 508 545 additum
533 510 654 555 etiam]
682 511 828 544 additae
853 510 886 543 ei
910 509 959 543 ad
985 510 1028 544 Σ.

223 556 271 591 ib.
298 557 565 601 quinquaqinta
590 556 713 601 naves]
740 555 1008 599 quinquaqinta
1034 555 1160 597 lonyae
1184 563 1294 587 naves
1319 555 1359 586 Σ.

223 602 272 637 ib.
293 607 313 637 8
340 604 490 638 Siciliae
515 601 794 645 Sardiniaeque]
822 599 1038 644 Siciliaeque
1063 610 1106 633 ac
1131 599 1328 634 Sardiniae
1354 601 1396 633 Σ.

224 649 273 685 ib.
296 654 335 683 11
364 651 557 684 scriberent
583 648 757 692 consules]
785 650 825 681 ut
849 647 1042 682 scriberent
1069 647 1275 681 consulibus
1302 647 1342 679 Σ.

226 696 273 730 ib.
298 700 338 730 12
366 696 531 740 inpleret]
558 695 734 738 conpleret
759 695 803 727 Σ.

224 742 272 776 ib.
295 747 337 776 13
364 741 590 786 caperentur]
618 744 803 775 orerentur
817 742 859 774 Σ.
876 740 948 785 vgl.
964 739 1010 775 M.
1032 739 1175 780 Mffller,
1198 738 1365 784 Gotting,
1388 739 1458 784 gel.
1481 739 1679 783 Auzeigen.

224 844 260 870 c.
279 834 339 877 23,
360 839 380 869 3
409 834 521 879 Ostis]
551 834 670 868 Ostiae
697 836 738 869 Σ.

228 882 276 916 ib.
298 886 318 915 5
345 882 469 925 dieque
493 881 643 926 incerto]
670 882 793 925 dieque
818 881 957 914 incerta
984 881 1025 913 Σ.

224 927 274 962 ib.
296 932 316 962 6
341 929 382 962 in
407 928 546 962 morbos
572 927 710 972 lonqos]
739 929 779 962 in
803 928 926 971 lonqos
952 927 1090 961 morbos
1116 928 1157 961 Σ.

223 974 274 1008 ib.
296 978 314 1008 7
340 985 458 1009 nonas
485 974 701 1019 Quinctiles]
730 975 813 1009 idus
840 974 1046 1018 Quinctiles.
1097 971 1249 1006 Merkel.

222 1030 257 1056 c.
278 1020 338 1062 24,
359 1025 379 1055 3
406 1022 454 1055 ad
479 1022 781 1055 considerandzmi
800 1019 952 1065 tempus]
980 1021 1028 1055 ad
1053 1019 1353 1054 considerandum
1380 1018 1516 1052 Duker.

221 1067 271 1102 ib.
293 1071 312 1101 3
339 1068 448 1113 iussi]
474 1069 581 1102 iussit
606 1068 644 1101 P.
672 1068 745 1102 und
771 1070 813 1102 Σ.

222 1114 271 1149 ib.
294 1118 314 1148 3
340 1115 483 1149 tribuni
514 1116 668 1149 militum
688 1113 948 1158 praefectique]
977 1113 1142 1148 tribunos
1166 1113 1323 1147 militum
1342 1112 1613 1157 praefectosque
1638 1113 1680 1147 Σ.

222 1160 271 1195 ib.
294 1165 312 1195 7
337 1161 470 1206 placet]
492 1162 635 1206 placuit
661 1163 702 1195 Σ.

223 1207 272 1241 ib.
295 1211 314 1241 9
340 1210 472 1242 moveri
492 1208 624 1253 posset]
652 1218 786 1242 movere
806 1210 951 1252 possent
978 1208 1021 1241 Σ.

223 1253 272 1288 ib.
293 1254 455 1299 cavisset]
477 1256 719 1299 praecavisset
743 1256 786 1288 Σ.

223 1310 258 1335 c.
278 1301 337 1342 25,
359 1304 378 1335 8
406 1302 546 1336 duobus
570 1302 675 1346 recte]
703 1301 843 1335 duobus
867 1301 940 1335 diis
964 1303 1054 1334 reete
1080 1299 1182 1333 st.

226 1347 275 1381 ib.
299 1351 342 1381 14
367 1349 408 1382 in
433 1349 508 1382 acie
533 1348 644 1392 stare]
672 1348 713 1381 in
738 1348 848 1382 aciem
873 1349 971 1382 exire
992 1346 1020 1391 j.
1046 1346 1116 1380 Hd.
1138 1358 1170 1380 u.
1192 1346 1409 1382 Gronovius.

227 1403 261 1429 c.
283 1393 342 1437 26,
365 1399 382 1428 1
408 1394 565 1439 haberet]
592 1395 743 1428 habebat
769 1394 928 1429 Gronov.

225 1440 273 1474 ib.
296 1445 336 1474 11
365 1440 612 1485 consentienti]
639 1441 856 1475 adsentienti
880 1443 922 1476 Σ.

222 1495 258 1522 c.
279 1487 339 1528 27,
360 1491 380 1521 2
407 1491 438 1521 et
461 1487 706 1532 sequerentur]
733 1498 777 1522 ac
800 1492 1029 1532 sequerentur
1053 1488 1097 1520 Σ.

220 1533 270 1567 ib.
291 1537 311 1567 3
339 1534 384 1568 ab
408 1535 570 1578 utrisque
596 1534 783 1580 lateribus]
812 1535 856 1569 ab
882 1536 959 1569 suis
983 1536 1133 1579 quisque
1157 1534 1304 1569 latebris
1330 1535 1372 1568 Σ.

220 1579 268 1614 ib.
292 1583 312 1614 8
338 1581 536 1626 Arrenius]
562 1579 663 1627 (L.)
687 1582 869 1616 Arrenius
889 1581 916 1626 j.
944 1581 1012 1615 Hd.

221 1625 270 1661 ib.
294 1630 335 1660 11
362 1628 479 1662 maior
503 1628 578 1662 iam
604 1628 714 1672 enim]
742 1629 815 1662 iam
841 1630 935 1662 enim
959 1629 1075 1663 maior
1101 1630 1143 1662 Σ.

220 1673 268 1707 ib.
293 1677 333 1708 13
360 1678 477 1717 qestae
501 1675 555 1708 rei
574 1674 764 1719 rationem]
792 1676 994 1709 memoriam
1021 1674 1060 1710 L.

223 1728 258 1756 c.
279 1719 340 1764 28,
362 1725 381 1755 5
408 1732 487 1755 eum
513 1721 666 1764 litterae]
693 1732 800 1765 quam
825 1723 964 1756 litterae
990 1723 1032 1756 Σ.

222 1765 271 1800 ib.
294 1771 313 1801 9
341 1768 561 1813 aperirique]
589 1769 797 1812 aperireque
821 1770 864 1802 Σ.

221 1812 269 1847 ib.
294 1817 336 1848 13
364 1813 400 1848 C.
430 1814 593 1859 Cincius]
620 1813 721 1860 <L.>
748 1815 895 1849 Cincius
921 1813 1103 1858 Sigonius.

222 1869 257 1894 c.
277 1859 337 1902 29,
359 1864 379 1894 5
405 1862 438 1895 si
463 1861 512 1895 ad
537 1863 682 1895 comitia
706 1861 842 1906 venire]
867 1862 901 1896 si
926 1862 975 1896 ad
1000 1862 1145 1896 comitia
1169 1862 1246 1905 ipse
1270 1862 1389 1895 venire
1413 1862 1456 1895 Σ.

220 1906 270 1940 ib.
294 1910 336 1941 10
360 1909 526 1951 proximo
552 1919 676 1942 annuo
701 1908 867 1954 concilio]
888 1909 1059 1952 promimo
1085 1909 1235 1943 concilio
1261 1909 1304 1943 Σ.

220 1952 269 1988 ib.
290 1954 511 2000 detulerunt]
538 1955 741 1989 detulerant
765 1957 808 1989 Σ.

224 2009 259 2034 e.
279 1999 337 2041 30,
359 2004 379 2035 3
405 2001 529 2046 duxit]
556 2002 702 2036 reduxit
726 2003 769 2036 Σ.

221 2046 270 2080 ib.
292 2051 312 2081 5
337 2048 574 2089 ferocioribus
598 2068 643 2073 —
668 2048 799 2094 qentis]
825 2049 996 2090 ferociori
1020 2069 1066 2074 —
1090 2051 1191 2093 qente
1216 2048 1434 2083 Gronovius.

220 2092 270 2127 ib.
297 2105 404 2138 quam
429 2095 489 2140 ne]
516 2098 654 2139 quanta
679 2106 724 2129 ne
748 2095 984 2140 Wesenberg.

219 2139 270 2174 ib.
296 2141 401 2176 rebus
426 2141 618 2185 Graeciae,
650 2153 758 2186 qrave
789 2143 950 2177 libertati
974 2142 1156 2187 futurum]
1182 2153 1291 2187 yrave
1324 2141 1484 2175 libertati
1514 2141 1682 2184 futurum

296 2188 400 2222 rebus
426 2188 600 2223 Graeciae
625 2191 666 2223 Σ.

222 2232 272 2268 ib.
294 2237 314 2268 6
340 2236 491 2269 concilio
516 2235 563 2281 et]
591 2236 808 2280 concilioque
833 2236 866 2270 ei
891 2239 922 2269 et
947 2237 990 2270 Σ.

222 2279 271 2314 ib.
294 2285 314 2315 9
340 2281 516 2327 referunt]
542 2283 666 2324 ferunt
691 2284 733 2316 A.
753 2282 972 2317 Perizonius.

223 2326 273 2361 ib.
293 2327 446 2363 Heraeis
471 2329 577 2374 actis]
605 2329 759 2363 Heraeis
780 2331 937 2373 peractis
961 2331 1004 2367 Σ,

224 2372 273 2407 ib.
297 2377 338 2407 12
360 2376 498 2421 primo]
519 2376 682 2420 primum
707 2377 749 2410 Σ.

224 2418 274 2453 ib.
298 2424 341 2454 14
364 2422 425 2455 sed
449 2423 504 2467 ut]
523 2423 584 2457 sed
609 2424 665 2456 uti
689 2424 732 2456 Σ.

226 2464 274 2499 ib.
297 2471 338 2500 17
365 2468 555 2514 celebrare]
582 2470 754 2504 celebrari
779 2471 822 2503 Σ.

226 2521 261 2548 c.
281 2512 342 2554 31,
363 2517 383 2547 2
409 2515 451 2548 in
475 2515 598 2560 naves]
627 2517 675 2550 ad
698 2527 816 2550 naves.

224 2557 273 2594 ib.
296 2563 314 2593 7
342 2561 413 2594 vim
438 2561 606 2606 flaqitiis]
632 2563 705 2596 vim
730 2563 836 2596 etiam
861 2563 1014 2607 flaqitiis
1038 2565 1082 2597 Σ.

225 2614 262 2642 c,
281 2606 342 2649 32,
362 2612 383 2641 4
409 2607 550 2653 deinde]
578 2609 661 2642 dein
689 2610 731 2642 Σ.

225 2652 274 2687 ib.
296 2657 316 2687 5
336 2664 404 2698 per
429 2655 554 2700 eaput]
581 2665 690 2698 super
715 2659 825 2699 caput
850 2655 922 2689 Md.

225 2698 275 2732 ib.
296 2703 315 2734 7
342 2701 391 2735 ad
415 2702 596 2736 castellum
623 2721 665 2726 -
693 2701 854 2746 Pyr-qum
877 2705 1007 2736 vocant
1033 2722 1076 2726 -
1102 2703 1225 2746 copias
1256 2702 1386 2747 omnis]
1421 2702 1535 2736 omnis
1561 2702 1683 2746 copias

230 2790 237 2796 ·
297 2747 347 2781 ad
358 2749 607 2793 propinquum
626 2748 795 2783 Eliorum
813 2749 996 2783 castellum
1022 2768 1064 2773 —
1094 2748 1259 2793 Pyryum
1285 2752 1414 2783 vocant
1440 2768 1484 2774 -
1511 2750 1554 2782 Σ.

227 2790 275 2843 ib.
297 2796 317 2826 9
337 2794 493 2839 pecoris]
514 2806 753 2839 pecorumque
778 2797 820 2829 Σ.

228 2838 277 2874 lb.
304 2841 353 2874 ad
376 2841 495 2876 millia
522 2842 621 2888 XX]
648 2843 697 2877 ad
721 2843 854 2887 viqinti
877 2843 981 2877 milia
1006 2843 1048 2876 Σ.
