1926 3219
118 145 144 164 ι.
163 137 215 164 ch.
234 137 294 164 546.
570 123 715 159 LIBER
741 122 887 159 XXVII.
939 123 1040 159 CAP.
1067 127 1122 159 26.
1150 126 1206 157 27.

1611 122 1667 164 49

119 230 254 275 cunda
285 230 431 273 omnia
463 231 749 285 conparuisse,
781 245 888 286 quae
921 230 1133 283 adsolent,
1167 233 1336 272 auctum
1368 231 1496 272 etiam
1529 230 1670 272 visum

118 291 162 332 in
200 290 355 345 capite3
399 303 476 330 nec
521 290 562 330 id
608 304 707 331 sane
752 289 966 344 haruspici
1009 289 1239 343 placuisse,
1284 289 1396 344 quod
1440 289 1671 331 secundum

117 352 267 390 trunca
299 351 341 389 et
371 348 514 401 turpia
545 351 642 389 exta
674 349 803 389 nimis
835 348 948 389 laeta
979 349 1291 402 apparuissent.
1342 346 1539 390 Ceterum
1571 362 1666 389 con-

122 407 258 448 sulem
290 405 541 447 Marcellum
573 409 694 447 tanta
731 406 941 461 cupiditas
974 407 1149 447 tenebat
1180 406 1408 447 dimicandi
1434 420 1530 448 cum
1556 405 1671 447 Han-

119 465 275 517 nibale,
306 467 355 505 ut
385 479 618 519 numquam
651 465 756 506 satis
789 467 929 505 castra
955 465 1105 505 castris
1133 464 1301 504 conlata
1328 464 1528 506 crederet.
1578 468 1671 506 tum

119 537 286 577 quoque
319 523 432 564 vallo
467 522 687 578 egrediens
721 522 892 576 signum
924 521 1052 574 dedit,
1084 524 1132 561 ut
1165 521 1217 562 ad
1243 522 1382 562 locum
1408 523 1530 563 miles
1558 525 1671 564 esset

117 586 312 635 paratuS,
350 584 414 633 ut,
453 580 487 621 si
529 581 669 631 collis,
706 580 750 620 in
790 593 916 633 quem
955 579 1222 633 speculatum
1259 580 1389 634 irent,
1427 580 1671 634 placuisset,

118 654 222 681 vasa
254 640 504 694 colligerent
534 652 581 679 ac
621 639 907 691 sequerentur.
975 637 1175 692 exiguum
1214 638 1352 692 campi
1391 641 1490 680 ante
1529 642 1670 680 castra

120 701 231 751 erat3
272 698 368 739 inde
400 697 444 737 in
474 695 629 737 collem
661 698 811 749 aperta
841 695 1028 750 undique
1061 698 1103 737 et
1136 701 1364 750 conspecta
1395 696 1562 738 ferebat
1593 698 1670 740 via.

118 755 317 798 Numidis
356 753 616 808 speculator,
659 767 929 808 nequaquam
966 754 1012 795 in
1050 768 1170 808 spem
1211 758 1357 795 tantae
1397 756 1458 796 rei
1497 757 1673 810 positus,

120 815 193 856 sed
225 814 261 855 si
293 826 398 866 quos
432 825 565 867 vagos
598 812 745 866 pabuli
778 816 852 854 aut
877 813 1089 867 lignorum
1118 827 1247 854 causa
1273 813 1442 867 longius
1471 828 1495 854 a
1521 815 1672 856 castris

118 885 370 927 progressos
408 873 585 925 possent
624 871 834 926 excipere,
873 872 1044 926 signum
1084 871 1174 924 dat,
1214 874 1261 912 ut
1298 872 1461 925 pariter
1501 873 1553 913 ab
1587 874 1673 914 suis

119 930 295 985 quisque
327 929 502 970 latebris
535 933 820 971 exorerentur.
882 944 970 972 non
1003 932 1100 971 ante
1133 944 1378 984 apparuere,
1415 931 1568 985 quibus
1602 932 1672 973 ob-

117 988 197 1029 viis
230 989 283 1029 ab
316 987 418 1043 iugo
450 988 544 1041 ipso
572 988 911 1043 consurgendum
938 992 1040 1041 erat,
1072 1003 1201 1043 quam
1228 989 1486 1042 circumiere,
1519 990 1591 1044 qui
1618 990 1671 1031 ab

118 1050 241 1102 tergo
274 1046 605 1088 intercluderent
636 1047 761 1088 viam.
826 1051 918 1088 tum
949 1046 1135 1101 undique
1168 1061 1315 1088 omnes
1349 1048 1486 1089 exorti
1518 1052 1560 1089 et
1592 1049 1673 1090 cla-

119 1119 236 1146 more
269 1104 440 1146 sublato
467 1105 675 1159 impetum
701 1105 846 1147 fecere.
892 1119 987 1146 cum
1012 1106 1056 1146 in
1083 1120 1132 1146 ea
1157 1105 1270 1146 valle
1297 1107 1491 1148 consules
1520 1110 1674 1161 essent,

120 1166 168 1205 ut
198 1177 336 1218 neque
369 1163 546 1204 evadere
578 1167 754 1218 possent
785 1164 830 1205 in
861 1164 1009 1218 iugum
1048 1168 1302 1218 occupatum
1341 1164 1393 1205 ab
1431 1164 1554 1206 hoste
1599 1180 1674 1207 nec

120 1224 339 1276 receptum
380 1222 432 1263 ab
470 1225 592 1277 tergo
632 1223 910 1264 circumventi
946 1222 1171 1276 haberent,
1210 1222 1377 1264 extrahi
1409 1226 1557 1264 tamen
1589 1224 1675 1266 diu-

119 1281 204 1322 tius
239 1284 452 1322 certamen
483 1281 715 1334 potuisset,
755 1281 800 1322 ni
832 1283 983 1336 coepta
1017 1281 1068 1323 ab
1101 1281 1300 1323 Etruscis
1332 1281 1434 1336 fuga
1472 1297 1676 1336 pavorem

122 1340 274 1380 ceteris
319 1339 544 1380 iniecisset.
618 1353 704 1380 non
748 1343 892 1380 tamen
943 1340 1123 1382 omisere
1173 1353 1363 1394 pugnam
1414 1340 1572 1382 deserti
1621 1341 1674 1383 ab

120 1397 316 1439 Etruscis
354 1396 615 1451 Fregellani,
653 1397 787 1439 donec
825 1398 985 1453 integri
1024 1398 1218 1440 consules
1257 1398 1468 1440 hortando
1509 1400 1676 1455 ipsique

121 1470 171 1497 ex
203 1459 324 1510 parte
355 1456 586 1510 pugnando
619 1469 709 1497 rem
741 1456 1025 1509 sustinebant3
1059 1457 1132 1498 sed
1163 1459 1394 1510 postquam
1426 1458 1674 1500 vulneratos

121 1558 269 1594 sonders
313 1558 540 1603 angstlicher
576 1557 862 1604 Beobachtung3

122 1605 181 1640 ihr
212 1605 238 1640 F
242 1605 351 1640 ehlen
391 1605 478 1640 oder
509 1605 588 1640 ihre
621 1605 864 1651 Missbildung

123 1651 184 1687 ein
209 1652 293 1687 sehr
316 1651 580 1687 bedenkliches
606 1652 774 1688 Zeichen.

124 1699 864 1781 12gffizch‘z‘iuffifflssltzff}&stiffi

123 1792 420 1837 Einrichtungen
439 1805 472 1826 u.
495 1804 538 1833 a.‚
565 1793 801 1837 gewohnlich
827 1794 865 1828 in

124 1838 234 1874 Form
265 1839 365 1874 eines
391 1839 700 1875 Zwischensatzes
728 1844 769 1875 ut
801 1841 864 1876 ad-

124 1886 220 1921 solet.

171 1932 335 1978 auctum]
380 1933 689 1978 „ungewohnlich
727 1933 864 1978 gross“.

126 1978 185 2022 25,
209 1983 262 2021 16,
286 1983 328 2014 11
354 1980 478 2014 melior
504 1983 609 2025 atque
633 1982 784 2016 auctior.

174 2030 228 2060 14.
260 2026 463 2072 haruspici]
497 2027 561 2061 der
591 2027 773 2072 haruspex
805 2029 866 2063 be-

125 2073 240 2108 findet
265 2074 343 2107 sich
363 2073 402 2107 in
421 2073 485 2108 der
504 2074 621 2118 Regel
638 2074 690 2108 im
711 2074 866 2120 Gefolge

125 2120 190 2154 des
221 2119 440 2163 Feldherrn3
478 2119 613 2156 Fabius
646 2121 712 2166 23,
740 2125 795 2164 36,
824 2125 866 2156 10

125 2167 193 2202 hat
218 2166 330 2201 deren
355 2178 463 2212 sogar
488 2167 666 2203 mehrere.

173 2217 307 2249 trunca
331 2217 364 2248 et
388 2214 530 2260 turpia]
552 2215 651 2249 wohl
670 2214 738 2250 mit
756 2215 868 2250 beab-

128 2259 320 2305 sichtigter
348 2261 603 2303 Alliteration3
635 2261 708 2306 vgl.
731 2273 760 2297 c.
776 2266 832 2306 37,
847 2266 867 2297 6

129 2305 271 2349 foedum
294 2318 339 2343 ac
363 2311 469 2353 turpe
487 2309 710 2353 prodz'yz'um.

177 2361 212 2388 c.
244 2353 304 2395 27,
334 2358 365 2389 1.
409 2356 585 2390 consulem
630 2356 867 2403 Marcellum]

131 2398 202 2433 wie
235 2410 265 2434 c.
292 2403 348 2442 26,
375 2404 418 2435 13
460 2402 544 2436 tritt
580 2401 645 2436 der
682 2402 781 2438 Titel
817 2403 868 2438 im

131 2444 361 2490 Gegensatze
396 2459 440 2481 zu
463 2452 492 2490 ἓ.
515 2452 547 2484 7.
572 2449 747 2485 Marcello
778 2451 869 2486 adu-

133 2493 280 2528 lescente
304 2504 429 2528 voran.
480 2494 564 2540 Vgl.
585 2506 614 2530 c.
638 2500 668 2537 1,
690 2500 720 2532 1.

180 2543 212 2574 2.
250 2540 299 2575 ad
319 2540 449 2586 locum]
477 2541 565 2583 „auf
581 2542 752 2586 Posten“,
779 2543 812 2579 d.
833 2544 869 2578 h.

133 2585 199 2620 auf
227 2586 381 2629 seinem,
413 2588 490 2622 ihm
515 2587 554 2622 in
579 2588 643 2622 der
668 2589 872 2635 Lagerord-

133 2643 235 2676 nung
277 2634 569 2669 zukommenden
611 2635 754 2678 Platze3
798 2637 872 2681 vgl.

133 2689 205 2713 sese
229 2679 303 2714 loco
326 2684 452 2717 tevaere.
491 2681 525 2725 S,
545 2685 600 2725 30,
621 2686 653 2718 2.

183 2729 214 2760 3.
252 2727 423 2770 exiyuum
452 2730 587 2775 campi]
622 2729 706 2773 „ein
731 2729 872 2765 kleines

136 2771 252 2807 Stfick
289 2772 455 2816 Ebene“;
492 2776 566 2820 vgl.
589 2787 618 2812 e.
639 2780 695 2818 41,
715 2780 748 2811 4.
780 2778 874 2812 nihil

133 2819 245 2854 silvae
276 2819 386 2862 „kein
417 2819 532 2855 Stfick
561 2823 707 2859 Wald‘z

182 2867 384 2913 conspecta]
426 2866 648 2910 „sichtbar“.

206 2930 263 2957 Tit.
283 2931 350 2957 Liv.
371 2932 404 2957 B.
424 2933 466 2958 Ξῖ.

709 2870 776 2906 Die
809 2871 871 2906 ad-

930 1559 1155 1604 jektivische
1181 1560 1441 1606 Verwendung
1469 1561 1534 1596 der
1558 1562 1678 1597 Parti-

937 1606 1034 1650 cipia
1058 1605 1154 1640 Perf.
1181 1606 1326 1641 Passivi
1350 1607 1573 1643 beschrankt
1599 1609 1679 1644 sich

936 1653 1046 1688 meist
1071 1652 1137 1687 auf
1158 1654 1323 1698 negierte
1349 1654 1438 1689 oder
1462 1656 1531 1690 mit
1556 1657 1595 1690 iu
1620 1667 1680 1690 zu-

936 1702 1267 1745 sammengesetzte
1304 1701 1477 1744 Formen;
1523 1715 1568 1737 zu
1608 1703 1680 1737 den

936 1746 1176 1782 Ansnahmen
1199 1748 1335 1793 gehort
1360 1752 1575 1794 conspectus,
1603 1760 1679 1784 wo-

937 1805 1010 1828 von
1046 1792 1124 1828 Liv.
1166 1795 1261 1828 auch
1299 1797 1420 1830 zuerst
1458 1795 1527 1831 den
1566 1796 1679 1831 Kom-

937 1840 1083 1886 parativ
1107 1841 1235 1877 bildet.

979 1887 1138 1933 positus]
1168 1888 1383 1932 „postiert“.
1428 1889 1501 1934 vgl.
1529 1900 1559 1924 c.
1580 1893 1636 1932 24,
1657 1894 1679 1924 4

939 1936 1159 1977 locarentur,
1169 1935 1234 1969 der
1241 1935 1508 1971 militarischen
1518 1936 1680 1981 Sprache

939 1981 1186 2026 angehoriger
1221 1983 1432 2017 Ausdruck:
1477 1983 1536 2026 22,
1569 1987 1626 2027 55,
1659 1988 1680 2020 8

939 2029 1098 2063 custodes
1125 2049 1169 2054 —
1188 2033 1343 2073 ponant.
1537 2039 1543 2042 ·

986 2076 1047 2110 sed
1064 2076 1098 2110 si
1115 2075 1218 2121 quos]
1240 2077 1433 2118 „sondern,
1453 2089 1517 2111 um
1536 2089 1580 2111 zu
1598 2088 1679 2113 ver-

941 2122 1088 2164 suchen,
1117 2123 1197 2157 0b⁴⁶.
1248 2123 1322 2168 vgl.
1344 2135 1373 2159 c.
1398 2128 1451 2166 14,
1473 2128 1503 2158 6.

987 2173 1020 2203 4.
1063 2170 1194 2214 quibus
1230 2171 1345 2206 obviis
1381 2172 1427 2206 ab
1466 2172 1551 2216 iuyo
1582 2171 1677 2217 ipso]

940 2216 1057 2250 obviis
1086 2216 1333 2261 proleptisch:
1373 2229 1446 2253 von
1481 2217 1545 2253 der
1574 2218 1682 2253 Hohe

939 2262 1066 2305 herab,
1094 2274 1134 2298 so
1158 2263 1238 2298 dass
1259 2264 1311 2299 sie
1331 2266 1515 2310 entgegen
1534 2266 1682 2300 kamen.

988 2311 1149 2355 undique
1167 2311 1300 2357 onmes]
1327 2311 1561 2357 gewohnlich
1581 2312 1685 2347 stellt

939 2356 1038 2392 Liv.:
1089 2368 1208 2393 omnes
1262 2360 1442 2403 undique,·
1489 2362 1566 2394 tuto
1615 2371 1683 2395 un-

941 2404 1048 2449 dique
1073 2416 1102 2440 c.
1130 2408 1185 2446 28,
1212 2408 1244 2439 2.
1278 2425 1320 2430 -
1352 2406 1428 2440 Der
1453 2405 1600 2451 Angriff
1627 2417 1684 2442 er-

941 2450 1039 2496 folgt
1069 2452 1197 2491 (obviis
1224 2472 1269 2478 —-
1295 2464 1318 2487 α
1341 2455 1451 2497 teryo)
1477 2465 1551 2489 von
1577 2454 1685 2490 zwei

943 2497 1086 2540 Seiten,
1120 2509 1159 2533 so
1192 2498 1272 2533 dass
1304 2500 1464 2545 undique
1488 2511 1683 2545 ungenaue

943 2544 1200 2591 Bezeichnung
1231 2546 1332 2581 einer
1360 2557 1433 2582 von
1464 2548 1588 2582 mehr
1619 2548 1685 2583 als

945 2591 1089 2626 einem
1119 2592 1266 2628 Punkte
1302 2593 1515 2629 drohenden
1547 2594 1686 2630 Gefahr

944 2637 1004 2673 ist.
1043 2637 1126 2683 Vgl.
1146 2639 1180 2681 1,
1201 2643 1234 2680 5,
1255 2643 1286 2674 7.
1312 2641 1472 2685 undique
1488 2642 1565 2686 reqi
1582 2642 1686 2678 dolus

942 2685 1111 2720 nectitur.

994 2735 1025 2766 5.
1069 2732 1115 2767 ab
1158 2732 1343 2780 Etruscis]
1387 2734 1467 2769 ihre
1511 2746 1685 2771 unzuver-

945 2778 1082 2823 lassige
1118 2779 1286 2826 Haltung
1329 2781 1474 2816 stimmt
1515 2783 1585 2817 mit
1622 2783 1686 2818 der

944 2825 1044 2860 ihrer
1068 2826 1276 2872 Mitbfirger
1303 2830 1346 2872 (c.
1373 2832 1443 2872 24.)
1470 2829 1632 2867 fiberein.

993 2876 1024 2907 6.
1062 2874 1201 2919 ipsique
1248 2885 1292 2910 ex
1327 2879 1435 2920 parte
1463 2877 1686 2923 puqnaudo]
