1926 3219
157 127 182 144 a
204 118 255 144 Ch.
277 118 337 143 209.

657 102 800 137 LIBER
826 101 975 137 XXVII.
1027 101 1127 136 CAP.
1155 105 1209 136 ΞΟ.
1653 101 1708 143 39

160 211 310 266 spania
342 209 395 251 ad
426 208 739 250 Hasdrubalem
773 223 940 262 venere,
979 223 1118 249 serum
1151 212 1250 262 post
1280 208 1390 249 male
1423 211 1588 263 gestam
1618 223 1709 250 rem

162 269 382 322 auxilium,
419 267 596 309 consilio
635 267 679 308 in
717 270 856 308 cetera
894 267 1137 333 exequenda
1175 266 1276 308 belli
1308 242 1448 307 haudo
1452 281 1603 320 parum
1636 281 1708 321 op-

160 327 342 392 portuni.

399 326 459 367 ibi
485 325 813 378 conterentibus,
840 325 939 379 quid
965 326 1009 366 in
1035 326 1235 379 cuiusque
1262 325 1504 378 provinciae
1530 325 1705 379 regione
1732 333 1753 362 4

160 385 396 426 animorum
435 384 640 437 Hispanis
679 386 808 436 esset,
845 398 954 424 unus
992 383 1235 424 Hasdrubal
1272 382 1473 437 Gisgonis
1512 383 1709 423 ultimam

157 441 390 496 Hispaniae
429 456 566 495 oram,
603 456 710 496 quae
750 442 802 482 ad
835 441 1048 482 Oceanum
1081 444 1122 481 et
1154 440 1285 481 Gadis
1318 441 1473 495 vergit,
1513 441 1708 494 ignaram

156 499 294 541 adhuc
328 500 621 542 Romanorum
659 513 769 551 esse,
806 513 939 552 eoque
971 497 1403 551 Carthaginiensibus
1437 499 1544 540 satis
1576 498 1706 539 fidam

155 559 371 612 censebat3
409 559 520 599 inter
557 556 869 598 Hasdrubalem
909 556 1092 596 alterum
1131 558 1173 596 et
1210 555 1440 609 Magonem
1479 557 1706 598 constabat
1734 564 1753 594 5

157 615 372 658 beneficiis
400 615 608 670 Scipionis
636 616 867 666 occupatos
895 613 1085 654 omnium
1112 613 1277 654 animos
1300 614 1468 667 publice
1488 615 1707 668 privatim-

157 688 237 728 que
270 689 371 727 esse,
401 688 477 714 nec
509 671 838 713 transitionibus
870 671 998 712 finem
1030 674 1127 712 ante
1159 671 1262 724 fore,
1295 686 1421 726 quam
1454 686 1601 713 omnes
1631 671 1708 713 Hi-

157 734 280 786 spani
319 732 475 772 milites
513 733 588 771 aut
626 730 671 770 in
708 729 861 770 ultima
893 729 1128 784 Hispaniae
1167 730 1299 770 amoti
1339 733 1412 770 aut
1448 731 1632 772 traducti
1664 731 1708 771 in

155 789 340 831 Galliam
375 788 530 831 forent.
596 788 737 842 itaque
747 821 757 841 ,

808 788 937 829 etiam
983 788 1019 828 si
1066 790 1239 829 senatus
1288 787 1709 842 Carthaginiensium
1736 797 1756 827 6

152 861 241 888 non
279 847 533 900 censuisset,
571 846 755 887 eundum
793 848 937 887 tamen
974 845 1235 887 Hasdrubali
1273 846 1404 887 fuisse
1442 847 1487 886 in
1525 846 1709 900 Italiam,

152 905 226 946 ubi
252 905 353 946 belli
380 907 507 958 eaput
532 918 755 958 rerumque
777 919 943 945 summa
962 907 1085 955 esset,
1113 905 1240 945 simul
1262 908 1309 945 ut
1329 904 1545 959 Hispanos
1568 905 1707 945 omnis

151 963 302 1017 procul
334 963 387 1004 ab
418 963 592 1004 nomine
625 962 835 1016 Scipionis
868 977 918 1004 ex
950 962 1162 1016 Hispania
1194 962 1439 1004 abduceret:
1476 963 1708 1004 exercitum
1736 971 1754 1001 7

153 1021 244 1063 eius
283 1035 379 1062 cum
416 1021 745 1062 transitionibus
783 1024 874 1061 tum
914 1021 1090 1062 adverso
1128 1021 1292 1075 proelio
1325 1021 1599 1062 imminutum
1631 1020 1708 1062 Hi-

153 1079 298 1133 spanis
329 1080 485 1133 repleri
517 1079 739 1133 militibus,
771 1082 814 1120 et
838 1078 1065 1134 Magonem
1093 1079 1358 1120 Hasdrubali
1385 1079 1588 1133 Gisgonis
1619 1080 1707 1121 fflio

151 1138 309 1179 tradito
340 1138 526 1179 exercitu
551 1139 692 1191 ipsum
719 1151 813 1178 cum
841 1138 994 1192 grandi
1019 1138 1201 1191 pecunia
1227 1137 1279 1178 ad
1306 1137 1575 1179 conducenda
1600 1152 1707 1178 mer-

152 1195 252 1237 cede
291 1196 449 1237 auxilia
487 1196 533 1236 in
564 1195 749 1237 Baliaris
786 1196 985 1250 traicere3
1023 1195 1338 1237 Hasdrubalem
1371 1194 1572 1250 Gisgonis
1611 1210 1707 1237 cum
1733 1205 1752 1236 8

152 1254 339 1295 exercitu
370 1254 542 1308 penitus
573 1254 618 1294 in
645 1253 913 1295 Lusitaniam
946 1254 1064 1295 abire
1095 1268 1174 1296 nec
1205 1269 1300 1296 cum
1326 1253 1520 1296 Romano
1553 1269 1705 1296 manus

151 1325 389 1365 conserere3
435 1312 689 1352 Masinissae
733 1326 784 1352 ex
821 1312 940 1353 omni
978 1312 1190 1367 equitatu,
1229 1312 1340 1366 quod
1378 1313 1544 1354 roboris
1581 1316 1707 1366 esset,

148 1371 235 1413 tria
266 1370 386 1411 milia
417 1371 607 1423 equitum
639 1370 815 1423 expleri,
854 1384 1031 1424 eumque
1063 1384 1221 1425 vagum
1253 1385 1328 1425 per
1359 1371 1599 1412 citeriorem
1632 1370 1706 1412 Hi·

153 1428 349 1481 spaniam
388 1428 514 1469 sociis
553 1441 677 1481 opem
708 1427 831 1481 ferre,
863 1427 1053 1469 hostium
1085 1428 1244 1482 oppida
1269 1431 1395 1483 atque
1421 1442 1547 1483 agros
1572 1443 1706 1483 popu-

153 1486 246 1527 lari.
295 1485 362 1527 his
389 1486 569 1527 decretis
596 1486 648 1526 ad
674 1486 931 1540 exequenda,
958 1501 1064 1540 quae
1092 1489 1333 1528 statuerant
1359 1487 1484 1528 duces
1511 1487 1705 1542 digressi.

150 1544 257 1585 haec
289 1558 338 1585 eo
372 1558 481 1586 anno
514 1545 560 1585 in
590 1543 805 1598 Hispania
837 1546 943 1585 acta.

266 1601 429 1643 Romae
467 1602 583 1643 fama
615 1601 828 1657 Scipionis
866 1602 911 1643 in
942 1603 1032 1645 dies
1065 1618 1270 1657 crescere,
1306 1602 1439 1645 Fabio
1473 1603 1706 1645 Tarentum
1733 1613 1752 1644 9

146 1662 322 1714 captum
367 1663 464 1702 astu
501 1661 639 1716 magis
685 1675 814 1715 quam
852 1661 1011 1702 virtute
1050 1662 1214 1717 gloriae
1253 1665 1396 1703 tamen
1429 1677 1539 1716 esse,
1582 1662 1706 1703 Fulvi

197 1814 228 1845 3.
255 1811 405 1845 consilio
430 1830 474 1835 ——
501 1811 712 1856 opportuni]
748 1811 891 1854 „recht-

145 1856 260 1901 zeitig
292 1857 351 1891 fiir
376 1857 457 1891 eine
483 1856 705 1902 Beratung“.
749 1858 891 1892 auxilio

148 1923 192 1928 —
207 1904 358 1938 consilio
377 1903 458 1937 sind
478 1903 732 1947 asyndetische
747 1904 889 1948 Gegen-

147 1952 247 1985 satze
273 1949 311 1984 in
336 1950 578 1984 chiastischer
605 1950 786 1995 Stellung.

194 1997 235 2030 in
253 2000 367 2032 cetera
381 1997 586 2041 exequenda
600 1997 695 2042 belli]
717 1997 889 2039 „betreffs

149 2042 214 2077 der
232 2042 401 2078 ferueren
420 2043 447 2078 F
451 2044 596 2088 iihrung
618 2044 682 2078 des
701 2044 888 2089 Krieges“.

142 2090 296 2124 consilio
315 2091 356 2124 in
375 2094 489 2124 cetera
507 2090 557 2125 ist
577 2090 803 2126 konstruiert
821 2091 890 2126 wie

147 2147 177 2170 c.
218 2140 250 2179 6,
283 2140 304 2170 8
342 2138 503 2181 eaeempla
539 2137 582 2171 in
616 2148 699 2172 rem.
735 2158 778 2163 —
815 2138 890 2172 Das

145 2183 329 2217 Neutrum
359 2184 400 2217 in
426 2186 540 2218 cetera
574 2183 623 2218 ist
661 2184 776 2218 durch
809 2185 892 2219 belli

145 2229 261 2264 n'aher
279 2229 472 2264 bestimmt
496 2230 566 2264 wie
591 2231 651 2274 30,
672 2234 704 2274 2,
726 2234 746 2265 6
767 2231 815 2265 ad
834 2232 889 2265 in—

143 2279 242 2355 geviltq
275 2277 366 2311 belli.
417 2276 476 2320 25,
504 2280 558 2319 15,
591 2280 645 2313 20.
685 2278 734 2312 ad
769 2278 891 2313 subita

170 2332 186 2355 e
215 2333 239 2355 ι.

192 2367 292 2402 haud
321 2369 473 2415 parum]
519 2369 661 2405 Litotes
700 2387 743 2399 =
782 2371 890 2413 „sehr

145 2413 279 2448 wohl‘.‘
306 2415 420 2451 findet
433 2417 510 2451 sich
523 2417 584 2451 bei
603 2417 681 2452 Liv.
696 2429 765 2451 nur
778 2418 888 2461 4mal,

142 2470 387 2541 ἠονίώρανιιηι
435 2463 514 2505 (das
547 2462 672 2498 Cicero
709 2465 788 2508 hat)
822 2476 889 2509 gar

141 2517 202 2541 mc

193 2557 224 2588 4.
250 2554 293 2588 in
314 2565 484 2600 cuzusque
496 2556 710 2599 provinciae
728 2557 886 2603 oeyc'one]

143 2598 208 2642 „in
227 2600 291 2634 der
311 2601 464 2647 Gegend
484 2602 583 2637 ihrer
596 2602 873 2637 Amtsbezirke“

140 2647 335 2689 provincia
359 2649 398 2683 in
422 2649 743 2693 ursprsinglichem
763 2649 886 2692 Sinne,

146 2692 242 2727 ohne
285 2695 486 2730 raumliche
529 2695 885 2740 Nebenbedeutung.

142 2739 221 2782 vgl.
260 2744 443 2784 c.35,10
475 2743 689 2786 provinciae
728 2762 771 2767 —
803 2753 886 2786 per-

143 2786 279 2820 mixtae
302 2788 517 2831 reqionibus.

192 2833 325 2878 adhuc]
362 2834 502 2878 ,‚noeh“
512 2849 520 2877 ;
546 2835 596 2870 ist
619 2835 658 2870 in
682 2834 888 2870 indirekter

963 1810 1064 1845 Rede
1083 1811 1337 1853 beibehaltem
1371 1811 1449 1847 Liv.
1470 1811 1617 1846 wendet·
1642 1812 1705 1846 acl-

962 1857 1032 1892 huc
1057 1857 1112 1892 oft
1136 1869 1209 1893 von
1235 1859 1299 1893 der
1318 1858 1622 1903 Vergangenheit
1647 1869 1704 1892 an.

963 1915 992 1940 c
1017 1908 1072 1947 40,
1094 1908 1125 1940 8.
1172 1906 1319 1949 plenum
1343 1906 1462 1940 adhuc
1486 1906 1573 1940 irae

1010 1952 1128 1996 eoque]
1155 1978 1176 1996 ‚,
1169 1952 1254 1994 ,und
1278 1952 1415 1987 daher“
1424 1966 1433 1995 ς
1459 1953 1535 1986 erst
1553 1951 1623 1986 seit
1641 1951 1706 1986 der

962 1999 1246 2042 augusteischen
1266 1998 1625 2044 Spraehperiode=
1651 1999 1704 2033 id-

961 2054 1077 2088 eoque.

1012 2095 1043 2127 7.
1070 2091 1200 2135 owepleJi
1225 2111 1268 2116 —
1294 2092 1459 2138 traicere]
1504 2092 1603 2126 diese
1630 2091 1706 2126 und

963 2137 1022 2172 die
1042 2137 1240 2183 folgenden
1260 2138 1444 2173 Infinitive
1465 2138 1614 2183 h'angen
1634 2149 1707 2173 von

964 2184 1085 2218 einem
1110 2197 1153 2218 zu
1179 2185 1436 2229 erganzenden
1453 2185 1617 2220 Verbum
1642 2184 1706 2219 des

962 2230 1230 2266 Besehliessens
1268 2231 1333 2275 ab,
1372 2232 1502 2266 dessen
1537 2231 1706 2276 Stenung

962 2277 1022 2312 bei
1046 2279 1168 2322 itaque
1194 2281 1213 2319 ξ
1240 2281 1260 2312 6
1288 2278 1366 2313 sein
1390 2278 1534 2312 mfirste.

1010 2327 1042 2359 8.
1083 2325 1308 2359 Masinissae
1350 2345 1393 2349 —
1437 2325 1590 2370 expleri]
1639 2334 1704 2366 „es

962 2371 1054 2405 solle
1080 2371 1158 2405 ihm
1190 2371 1250 2405 die
1275 2371 1374 2406 volle
1401 2371 1491 2406 Zahl
1514 2381 1587 2406 von
1613 2374 1704 2406 3000

959 2416 1128 2462 gegeben
1148 2418 1333 2461 werden“;
1359 2419 1499 2461 ezplere
1519 2435 1563 2447 =
1583 2428 1704 2452 nume-

959 2475 1039 2498 rum
1052 2465 1192 2508 explere
1201 2481 1244 2493 =
1254 2465 1334 2499 eine
1343 2464 1434 2498 Zahl
1444 2465 1522 2499 voll
1530 2464 1704 2506 maehen3

960 2510 1131 2554 dagegen
1155 2514 1174 2553 ξ
1199 2515 1228 2545 7.
1255 2512 1388 2556 replere
1407 2528 1451 2540 =
1471 2510 1623 2545 Lflcken
1651 2520 1705 2544 er·

959 2568 1246 2647 ἓῗῗῧζθ-ει.
1272 2603 1478 2647 Anklage
1498 2603 1704 2638 desiim-

959 2650 1121 2693 collus,
1147 2651 1340 2684 YVahlen
1361 2650 1448 2684 und
1468 2649 1704 2684 Verbanu-

959 2696 1129 2740 lungen
1154 2696 1199 2730 in
1224 2697 1342 2731 Rom.

1007 2747 1026 2776 9
1053 2746 1135 2777 astu
1167 2744 1283 2787 vna-qis
1312 2755 1420 2788 quam
1447 2743 1595 2789 virtute]
1623 2746 1704 2778 astu

958 2789 1020 2823 bei
1044 2789 1122 2823 Liv.
1149 2801 1218 2823 nur
1243 2790 1294 2823 im
1319 2789 1481 2825 Ablativ.
1511 2789 1570 2833 42,
1598 2793 1655 2832 47,
1683 2794 1702 2825 5

960 2839 1043 2871 astu
1068 2837 1194 2881 mayis,
1219 2847 1324 2881 quam
1352 2847 1436 2872 vera
1460 2837 1602 2872 virtute.
