1926 3219
1609 135 1634 152 a.
1655 135 1682 152 u.
1703 128 1765 155 545.

216 119 271 160 38
675 117 817 152 LIBER
843 116 989 152 XXVII.
1041 115 1142 150 CAP.
1172 118 1225 150 19.
1252 119 1306 150 20.

215 227 380 265 taretur
406 223 560 278 Scipio,
595 224 687 277 quis
721 226 763 262 et
794 223 909 263 cuias
937 224 979 262 et
1004 234 1077 261 cur
1102 220 1145 260 id
1172 221 1326 261 aetatis
1352 221 1396 262 in
1422 222 1573 264 castris
1599 221 1763 275 fuisset,

216 282 447 323 Numidam
488 296 578 323 esse
618 295 661 320 se
701 280 777 332 ait,
815 278 1048 319 Massivam
1086 278 1313 332 populares
1350 293 1518 334 vocare3
1558 279 1708 321 orbum
1740 294 1765 320 a

215 344 336 394 patre
369 340 576 390 relictum,
610 336 722 390 apud
753 339 992 377 maternum
1026 350 1151 377 avum
1184 334 1356 389 Galam,
1387 351 1532 392 regem
1563 337 1764 379 Numida-

215 413 321 450 rum,
354 398 591 447 educatum,
623 409 717 437 cum
751 395 958 436 avunculo
986 393 1226 447 Masinissa,
1259 393 1331 448 qui
1361 408 1497 448 nuper
1527 411 1621 438 cum
1649 396 1766 450 equi-

213 460 305 497 tatu
339 454 527 496 subsidio
562 452 989 509 Carthaginiensibus
1029 453 1236 505 venisset,
1275 452 1318 492 in
1349 451 1605 506 Hispaniam
1642 454 1766 495 traie-

149 524 190 554 10
216 514 336 555 cisse.
385 511 649 566 prohibitum
681 515 858 566 propter
889 513 1074 553 aetatem
1107 526 1131 552 a
1156 510 1386 551 Masinissa
1411 525 1640 565 numquam
1667 515 1765 553 ante

212 571 423 626 proelium
461 570 608 624 inisse3
650 585 699 612 eo
738 570 822 624 die,
862 584 944 625 quo
984 572 1222 624 pugnatum
1261 583 1356 610 cum
1393 567 1598 610 Romanis
1643 573 1767 623 esset,

213 630 348 671 inscio
383 629 608 682 avunculo,
640 630 750 670 clam
783 629 913 670 armis
946 642 1136 682 equoque
1169 630 1340 681 sumpto
1372 627 1416 667 in
1449 627 1581 668 aciem
1613 628 1767 681 exisse3

145 698 184 728 11
213 689 273 729 ibi
310 688 512 741 prolapso
552 701 658 741 equo
697 688 878 728 effusum
917 687 959 729 in
997 700 1201 739 praeceps
1249 689 1420 739 captum
1465 685 1518 726 ab
1559 685 1767 727 Romanis

214 760 317 787 esse.
380 744 523 800 Scipio
557 760 652 787 cum
685 745 901 786 adservari
932 743 1165 785 Numidam
1196 745 1411 797 iussisset,
1444 758 1549 798 quae
1582 758 1660 797 pro
1691 744 1764 784 tri-

215 804 362 845 bunali
396 804 562 859 agenda
595 806 734 856 erant,
774 803 961 857 peragit3
999 802 1097 843 inde
1131 817 1225 843 cum
1258 816 1302 843 se
1333 803 1378 842 in
1409 803 1669 856 praetorium
1707 815 1770 843 re-

217 863 412 917 cepisset,
445 865 642 903 vocatum
675 876 772 902 eum
804 861 1065 915 interrogat,
1097 860 1282 901 velletne
1315 859 1367 900 ad
1398 859 1674 902 Masinissam
1705 874 1768 901 re-

146 930 186 960 12
215 922 337 963 verti.
400 935 495 961 cum
529 920 672 960 effusis
711 919 867 974 gaudio
906 919 1094 960 lacrimis
1135 932 1287 971 cupere
1325 932 1425 959 vero
1465 917 1639 971 diceret,
1677 922 1769 960 tum

213 994 344 1034 puero
373 979 549 1020 anulum
576 992 762 1032 aureum,
792 977 983 1019 tunicam
1009 977 1098 1018 lato
1126 977 1246 1018 clavo
1274 990 1371 1017 cum
1396 975 1590 1030 Hispano
1618 977 1769 1031 sagulo

213 1040 255 1078 et
289 1051 417 1078 aurea
448 1037 580 1078 fibula
613 1050 850 1090 equumque
883 1038 1083 1077 ornatum
1115 1035 1264 1088 donat,
1302 1034 1517 1088 iussisque
1557 1036 1770 1089 prosequi,

212 1095 352 1150 quoad
385 1095 533 1148 vellet,
565 1095 781 1149 equitibus
814 1094 990 1135 dimisit.

142 1158 191 1193 ‘20
335 1154 398 1195 De
436 1154 548 1195 bello
587 1153 685 1194 inde
721 1153 948 1195 consilium
979 1152 1186 1193 habitum.
1249 1154 1292 1192 et
1324 1151 1567 1192 auctoribus
1601 1151 1772 1205 quibus-

164 1221 184 1250 2
212 1212 324 1266 dam,
357 1215 403 1253 ut
429 1212 655 1253 confestim
681 1211 997 1253 Hasdrubalem
1023 1212 1364 1265 consequeretur,
1391 1223 1545 1263 anceps
1571 1208 1615 1250 id
1639 1212 1771 1263 ratus,

210 1285 263 1312 ne
294 1270 423 1324 Mago
451 1273 579 1325 atque
606 1269 714 1311 alter
739 1269 986 1311 Hasdrubal
1015 1283 1109 1310 cum
1136 1283 1184 1310 eo
1211 1269 1436 1323 iungerent
1461 1267 1619 1322 copias,
1650 1282 1771 1321 prae-

212 1329 318 1370 sidio
359 1332 530 1370 tantum
569 1329 622 1370 ab
661 1328 930 1370 insidendum
962 1327 1228 1382 Pyrenaeum
1267 1327 1400 1368 misso
1438 1327 1528 1380 ipse
1560 1326 1771 1380 reliquum

212 1388 388 1428 aestatis
439 1387 692 1441 recipiendis
742 1387 787 1428 in
835 1387 960 1427 fidem
1011 1386 1247 1439 Hispaniae
1296 1385 1467 1439 populis
1517 1385 1772 1438 absumpsit.

163 1454 184 1484 3
211 1446 358 1499 paucis
391 1448 490 1499 post
521 1445 729 1499 proelium
760 1445 922 1486 factum
958 1444 1011 1486 ad
1043 1444 1275 1486 Baeculam
1308 1444 1470 1497 diebus,
1503 1457 1596 1484 cum
1628 1441 1770 1497 Scipio

209 1504 378 1545 rediens
418 1505 503 1545 iam
541 1503 830 1545 Tarraconem
868 1504 982 1544 saltu
1015 1501 1315 1544 Castulonensi
1355 1502 1623 1555 excessisset,
1661 1500 1770 1542 Has-

209 1562 378 1615 drubal,
417 1562 616 1617 Gisgonis
653 1562 766 1603 filius
805 1564 848 1602 et
884 1561 1014 1616 Mago
1054 1561 1332 1614 imperatores
1366 1575 1423 1614 ¹ex
1460 1560 1662 1601 ulteriore
1694 1559 1771 1600 Hi·

1029 1686 1160 1722 Strafe.
1188 1698 1218 1721 c.
1233 1690 1289 1729 47,
1305 1690 1324 1720 9
1351 1687 1456 1720 cluccs
1476 1696 1612 1730 parum
1637 1686 1771 1721 intente

1028 1735 1220 1768 adservati.

258 1693 289 1723 9.
316 1688 434 1733 cuias]
460 1698 547 1730 „aus
568 1688 747 1722 welchem
769 1687 896 1722 Lande
917 1698 956 1722 er

209 1736 347 1778 warc“;
366 1745 438 1769 von
453 1735 535 1769 dem
549 1735 873 1779 Fragepronomen
887 1733 956 1768 mit

210 1782 274 1816 der
320 1782 378 1816 fiir
427 1780 590 1816 Gentilia
641 1781 954 1826 gebrauchliehen

209 1827 524 1873 Ableitungssilbe
572 1839 613 1863 as
656 1828 839 1872 gebildet,
885 1827 953 1862 wie

208 1879 371 1918 nostras,
416 1878 551 1910 vestras
594 1887 628 1910 u.
668 1886 699 1909 a.
743 1874 953 1917 (nachklas-

209 1922 333 1966 sisch).
382 1921 485 1956 Dazu
522 1921 571 1956 ist
608 1932 674 1956 aus
711 1922 839 1964 fuisset
875 1921 955 1956 hier

208 1972 294 2004 esset
331 1981 375 2002 zu
413 1971 610 2013 erganzem
649 1969 722 2013 vgl.
756 1968 815 2011 23,
849 1971 903 2011 34,
933 1971 952 2002 5

209 2017 273 2060 qui
292 2019 324 2050 et
343 2016 439 2050 unde
459 2019 491 2049 et
509 2025 578 2059 quo
591 2015 774 2049 tenderent
797 2025 952 2050 cursum.

257 2063 296 2096 id
347 2062 491 2107 aetatis]
543 2078 586 2090 =
637 2061 842 2096 adverbiell
892 2072 952 2105 ge-

209 2108 406 2143 brauchter
436 2108 650 2143 Accusativ:
689 2108 748 2151 „in
789 2107 953 2142 solchem

207 2155 372 2200 (jungen)
393 2155 533 2189 Alter“.
561 2154 620 2198 10,
635 2158 691 2197 24,
708 2159 727 2189 6
747 2155 836 2198 quid
854 2165 889 2189 se
910 2175 952 2179 —

208 2203 248 2237 id
259 2203 388 2236 aetatis
400 2203 650 2237 sollicitassent
662 2202 740 2244 (der
747 2201 952 2246 Umgangs—

209 2249 363 2293 sprache
390 2249 583 2292 entlehnt).

258 2296 461 2330 Massivam
483 2296 682 2339 populares
705 2294 848 2339 vocare]
889 2294 953 2328 der

208 2342 343 2376 naiven
370 2342 696 2377 Ausdrueksweise
726 2341 789 2375 des
815 2340 952 2375 Volkes

208 2388 416 2433 entspricht
448 2399 503 2432 es,
530 2389 602 2423 den
628 2388 784 2432 eigenen
809 2388 952 2422 Namen

208 2435 263 2469 als
303 2446 373 2470 von
406 2435 565 2469 anderen
598 2434 764 2479 gegeben
808 2446 852 2468 zu
887 2434 951 2468 be-

208 2482 399 2517 zeichnen:
433 2482 467 2525 2,
496 2486 550 2524 12,
577 2485 608 2516 9.
640 2481 829 2515 Romanus
862 2491 951 2523 sum,

207 2529 338 2573 inquit,
364 2529 452 2563 civis
462 2543 474 2571 ‚·
505 2528 541 2563 C.
571 2528 741 2562 Mucium
765 2531 903 2562 vocant.

258 2579 309 2610 11.
337 2576 489 2618 effusum
515 2576 556 2609 in
575 2575 764 2619 praeceps]
794 2575 952 2617 effundo,

208 2622 302 2656 auch
323 2622 437 2657 deicio
451 2622 524 2656 und
539 2622 680 2656 excutio
695 2638 738 2650 =
754 2620 951 2664 abwerfen‚

208 2679 281 2702 von
296 2668 454 2703 Pferden
475 2668 550 2703 und
563 2668 723 2703 anderen
736 2667 951 2702 Reittieren.

209 2725 239 2748 c.
267 2719 322 2756 32,
347 2719 367 2749 5
394 2727 471 2750 cum
501 2736 543 2740 -
569 2726 677 2759 super
707 2718 816 2758 caput
841 2724 954 2759 reyem

208 2761 400 2803 effudisset.

256 2808 458 2852 adservari]
474 2808 533 2850 „in
544 2808 782 2843 Gewahrsam
791 2808 954 2850 halten“,

209 2854 303 2888 ohne
330 2853 597 2898 Nebenbegriff
625 2854 690 2889 der
720 2855 834 2888 Hi‘zrte
867 2853 955 2889 oder

1077 1784 1130 1814 12.
1158 1791 1284 1824 cupere
1309 1779 1405 1824 vero]
1435 1788 1517 1814 vero
1541 1778 1591 1814 ist
1616 1789 1681 1813 aus
1707 1779 1772 1813 der

1028 1827 1199 1862 dii-ekten
1224 1827 1324 1861 Rede
1349 1825 1604 1868 beibehalten;
1629 1824 1689 1869 28,
1705 1829 1770 1869 9,8

1026 1885 1062 1908 se
1075 1884 1155 1909 vero
1169 1885 1211 1909 ea
1233 1894 1272 1898 ——
1295 1874 1487 1908 decernere.
1515 1872 1550 1916 3,
1564 1876 1621 1916 43,
1637 1876 1667 1906 6.
1685 1882 1772 1916 pro-

1026 1921 1116 1964 fecto
1130 1922 1175 1955 ab
1195 1921 1271 1955 suis
1284 1920 1511 1962 interfectum
1527 1922 1770 1954 memorantes.

1074 1967 1242 2013 anulum]
1273 1983 1315 1996 =
1353 1966 1411 2000 die
1438 1965 1648 2000 Abzeichen
1670 1965 1769 2000 eines

1027 2013 1212 2049 Senators.
1239 2013 1314 2058 vgl.
1340 2024 1370 2048 c.
1392 2017 1425 2056 4,
1446 2015 1478 2048 8.
1504 2013 1671 2057 sayulum
1696 2012 1773 2046 und

1025 2062 1139 2104 fibula
1165 2061 1312 2096 werden
1334 2059 1526 2094 mehrfach
1546 2058 1772 2094 verschenkt

1026 2118 1074 2142 an
1100 2108 1238 2149 Ritter3
1271 2107 1331 2150 39,
1353 2111 1410 2150 31,
1438 2109 1480 2140 18
1501 2109 1652 2150 praetor
1688 2115 1771 2141 suos

1026 2155 1157 2199 equites
1183 2154 1321 2189 catellis
1346 2164 1389 2188 ac
1413 2153 1535 2196 fibulis
1560 2153 1722 2187 donavit.

1074 2212 1202 2245 equum
1222 2199 1407 2244 ornatum]
1435 2198 1678 2244 geschmtickt
1702 2198 1771 2232 mit

1020 2248 1195 2292 phaleris,
1220 2247 1288 2282 wie
1316 2246 1374 2280 die
1395 2244 1525 2280 Pferde
1552 2245 1771 2280 vornehmer

1025 2296 1171 2329 Romer.

1073 2346 1103 2376 e.
1139 2338 1199 2384 20,
1240 2344 1268 2374 1.
1307 2338 1591 2383 consequeretur]
1634 2337 1769 2380 „nach—

1026 2389 1190 2429 setzen“;
1215 2386 1449 2431 gewohnlich
1476 2402 1519 2415 =
1545 2384 1769 2419 verstarktes

1023 2435 1142 2478 sequi;
1168 2433 1256 2468 oder
1282 2433 1350 2468 wie
1379 2433 1412 2475 1,
1440 2435 1497 2475 48,
1519 2435 1550 2466 4.
1576 2431 1771 2476 fuyientem

1024 2481 1191 2524 consequi
1216 2497 1259 2508 =
1286 2479 1469 2514 einholen.

1071 2537 1203 2571 anceps
1225 2527 1265 2561 id
1290 2526 1408 2571 ratus]
1438 2536 1500 2569 „er
1523 2523 1616 2559 hielt
1647 2533 1685 2557 es
1711 2522 1770 2557 fur

1023 2573 1282 2609 bedenklieh“.
1315 2573 1398 2608 Von
1430 2572 1513 2606 dem
1538 2569 1658 2604 hierin
1691 2570 1769 2603 ent—

1024 2620 1200 2655 haltenen
1213 2619 1356 2665 Begriff
1365 2619 1429 2653 der
1443 2617 1640 2661 Besorgnis
1653 2615 1772 2660 hangt

1030 2679 1075 2702 ne
1118 2667 1176 2702 ab.
1226 2667 1295 2701 Die
1338 2663 1573 2708 Bemerkung
1619 2662 1670 2697 ist
1711 2662 1772 2696 ein

1029 2713 1242 2748 schwacher
1282 2711 1465 2754 Versuch,
1510 2710 1582 2744 den
1624 2707 1772 2753 grossen

1028 2760 1178 2802 Fehler,
1204 2758 1284 2793 dass
1311 2757 1434 2801 Scipio
1465 2757 1535 2792 den
1561 2754 1771 2790 Hasdrubal

1028 2807 1122 2841 nach
1143 2806 1277 2840 Italien
1296 2804 1587 2839 durehkommen
1606 2801 1701 2846 liers,
1727 2812 1771 2835 zu

1028 2852 1319 2896 entschuldigen.
