1926 3219
103 451 152 488 39

176 109 230 151 68
635 107 775 142 LIBER
801 107 949 141 XXVII.
1000 106 1101 142 CAP.
1129 110 1183 141 38.
1212 111 1264 142 39.

1573 127 1599 146 a.
1621 128 1651 146 u.
1671 120 1733 147 547.

179 216 260 257 duo
293 215 411 256 milia
443 214 493 255 de
520 214 690 268 legione
717 214 914 266 militum,
947 212 1137 266 equitum
1173 213 1301 267 mille,
1332 216 1488 257 mixtos
1523 214 1732 256 Numidas

178 274 500 326 Hispanosque,
543 271 598 312 M.
630 271 877 312 Lucretium
909 271 988 312 has
1022 271 1168 324 copias
1200 272 1381 314 navibus
1414 274 1649 327 advexisse3
1693 276 1736 314 et

178 390 343 431 milium
376 389 553 429 misisse.

106 340 147 371 12
180 331 501 386 sagittariorum
541 329 890 384 funditorumque
932 329 983 371 ad
1022 330 1106 370 tria
1143 329 1264 370 milia
1302 344 1352 371 ex
1385 330 1531 374 Sicilia
1564 330 1611 374 C.
1642 331 1732 373 Ma-

297 447 522 488 Auxerunt
554 445 715 487 Romae
747 446 977 487 tumultum
1018 446 1186 488 litterae
1225 460 1274 487 ex
1308 446 1448 488 Gallia
1486 448 1641 491 allatae
1681 448 1734 489 ab

129 514 149 544 2
178 506 224 547 L.
256 505 408 546 Porcio
442 508 658 559 praetore:
698 504 1013 546 Hasdrubalem
1046 505 1230 546 movisse
1263 519 1313 546 ex
1344 505 1536 547 hibernis
1569 510 1611 548 et
1649 508 1734 548 iam

175 564 301 619 Alpis
333 563 537 616 transire,
572 566 668 605 octo
701 563 821 604 milia
848 563 1055 618 Ligurum
1092 564 1335 618 conscripta
1362 567 1610 618 armataque
1637 579 1732 607 con-

174 624 370 664 iunctura
418 636 462 663 se
506 624 776 676 transgresso
821 622 865 663 in
908 622 1081 663 Italiam
1125 637 1235 676 esse,
1279 623 1362 663 nisi
1406 623 1646 664 mitteretur
1691 624 1736 665 in

176 681 372 736 Ligures,
417 681 489 735 qui
534 695 605 722 eos
653 681 761 722 bello
807 685 1049 735 occuparet3
1095 695 1138 722 se
1178 695 1271 722 cum
1309 681 1497 722 invalido
1537 682 1735 735 exercitu,

129 747 149 778 3
181 739 320 795 quoad
364 742 505 780 tutum
550 742 739 794 putaret,
783 753 1122 794 progressurum.

1196 740 1277 781 hae
1321 740 1490 781 litterae
1535 740 1730 782 consules

180 799 339 852 raptim
372 798 566 840 confecto
600 798 756 839 dilectu
788 798 1012 851 maturius,
1044 812 1171 852 quam
1198 799 1521 852 constituerant,
1555 799 1667 840 exire
1693 799 1738 840 in

178 857 420 911 provincias
454 859 685 910 coegerunt
719 870 767 896 ea
800 859 955 909 mente,
987 858 1036 897 ut
1068 859 1245 911 uterque
1271 857 1441 898 hostem
1467 857 1511 898 in
1539 872 1615 899 sua
1641 871 1737 911 pro-

176 916 318 957 vincia
349 916 589 957 contineret
620 928 754 968 neque
788 915 989 969 coniungi
1032 917 1106 955 aut
1144 915 1334 956 conferre
1373 916 1417 956 in
1456 931 1586 957 unum
1626 917 1736 958 vires

129 981 150 1011 4
177 977 407 1028 pateretur.

469 973 704 1028 plurimum
736 973 780 1014 in
819 987 911 1014 eam
951 987 1041 1015 rem
1082 973 1246 1014 adiuvit-
1283 974 1429 1028 opinio
1468 974 1738 1029 Hannibalis,

178 1033 303 1088 quod,
333 1032 413 1073 etsi
441 1046 490 1073 ea
517 1034 681 1073 aestate
707 1032 989 1073 transiturum
1016 1032 1060 1073 in
1086 1031 1259 1073 Italiam
1285 1032 1465 1073 fratrem
1492 1033 1738 1087 crediderat,

177 1090 453 1143 recordando,
487 1105 594 1145 quae
627 1091 716 1144 ipse
749 1091 793 1131 in
825 1091 1012 1132 transitu
1044 1105 1155 1132 nunc
1189 1090 1388 1132 Rhodani
1420 1105 1531 1133 nunc
1563 1091 1738 1145 Alpium

181 1164 276 1191 cum
309 1149 557 1191 hominibus
591 1150 780 1204 locisque
812 1149 1041 1204 pugnando
1074 1164 1151 1204 per
1182 1150 1366 1204 quinque
1392 1163 1560 1191 menses
1586 1150 1739 1192 exhau-

135 1215 154 1246 5
183 1209 329 1262 sisset,
367 1208 697 1263 haudquaquam
735 1211 825 1249 tam
863 1208 1032 1250 facilem
1072 1210 1372 1263 maturumque
1410 1209 1640 1250 transitum
1672 1223 1737 1250 ex-

137 1275 157 1306 6
184 1267 401 1321 pectabat3
434 1281 484 1308 ea
516 1267 682 1308 tardius
715 1267 914 1308 movendi
947 1282 996 1308 ex
1028 1267 1218 1309 hibernis
1251 1281 1379 1308 causa
1410 1267 1503 1308 fuit.
1555 1270 1740 1309 ceterum

180 1325 446 1367 Hasdrubali
479 1328 523 1367 et
555 1341 631 1368 sua
663 1328 706 1367 et
739 1326 921 1368 aliorum
955 1341 1029 1381 spe
1062 1327 1208 1368 omnia
1235 1326 1437 1368 celeriora
1464 1330 1591 1381 atque
1618 1339 1739 1380 expe-

181 1384 339 1426 ditiora
369 1384 500 1426 fuere.

562 1399 648 1426 non
682 1385 794 1426 enim
827 1389 1078 1439 receperunt
1110 1385 1235 1426 modo
1268 1385 1453 1426 Arverni
1485 1399 1581 1426 eum
1625 1385 1739 1426 dein-

181 1457 364 1498 cepsque
399 1443 507 1484 aliae
536 1442 726 1484 Gallicae
753 1446 880 1498 atque
907 1444 1092 1498 Alpinae
1119 1446 1280 1498 gentes,
1315 1444 1387 1484 sed
1414 1444 1543 1484 etiam
1572 1445 1740 1484 secutae

136 1510 154 1539 7
184 1504 283 1543 sunt
316 1501 368 1543 ad
401 1501 575 1544 bellum.
626 1505 669 1543 et
700 1516 795 1544 curn
827 1517 904 1556 per
935 1503 1101 1544 munita
1133 1503 1337 1557 pleraque
1369 1503 1550 1543 transitu
1582 1502 1742 1554 fratris,

184 1575 291 1615 quae
325 1562 450 1601 antea
482 1561 599 1602 invia
631 1561 813 1613 fuerant,
846 1561 1039 1614 ducebat,
1070 1564 1162 1602 tum
1196 1561 1325 1602 etiam
1357 1561 1578 1602 duodecim
1611 1574 1740 1601 anno-

180 1633 275 1660 rum
306 1619 585 1660 adsuetudine
614 1619 772 1673 perviis
793 1619 979 1673 Alpibus
1006 1620 1133 1661 factis
1160 1620 1272 1660 inter
1297 1619 1470 1660 mitiora
1495 1619 1580 1659 iarn
1606 1622 1741 1660 trans-

129 1685 149 1717 8
176 1678 267 1718 ibat
302 1677 526 1719 hominum
572 1678 755 1732 ingenia.

825 1678 1033 1719 invisitati
1080 1692 1264 1732 namque
1311 1680 1438 1718 ant-ea
1476 1677 1742 1731 alienigenis,

175 1750 254 1778 nec
291 1736 434 1778 videre
472 1737 555 1791 ipsi
595 1737 804 1778 advenam
842 1737 886 1778 in
927 1751 1003 1778 sua
1041 1739 1157 1778 terra
1202 1736 1387 1790 adsueti,
1431 1736 1547 1777 omni
1591 1736 1737 1791 generi

176 1876 308 1911 Fehler
346 1874 489 1920 Scipios
530 1879 574 1919 (c.
614 1879 675 1919 20,
717 1879 763 1920 2.)
801 1877 923 1912 haben

176 1922 460 1967 entschuldigen
487 1935 531 1957 zu
556 1923 701 1958 wollen.

223 1971 266 2004 de
292 1970 427 2014 leyione
455 1970 600 2015 milites]
637 1987 680 1999 =
714 1971 923 2016 Ῑρῃίοηανὶίς

177 2016 463 2060 ungewohnlich
502 2017 597 2051 nach
632 2017 815 2062 Analogie
852 2029 925 2053 von

176 2064 278 2098 homo
303 2064 346 2098 de
369 2063 470 2106 plebe
494 2075 527 2097 u.
556 2075 587 2098 a.
615 2064 792 2108 gebildet.

224 2109 926 2156 c.39.HasdrubalsAlpenfiber-

177 2168 311 2256 ga4ni=n
337 2214 413 2238 eam
438 2214 511 2238 rem
537 2204 694 2256 adiuvit]
733 2204 842 2247 „half
863 2217 925 2239 zur

177 2250 407 2296 Erreichung
421 2250 539 2285 dieses
555 2250 706 2286 Zieles“.
735 2252 799 2286 Bei
820 2253 924 2287 adin-

177 2308 262 2332 vare
285 2297 384 2332 steht
404 2298 463 2332 die
484 2310 527 2332 zu
548 2298 786 2333 erreichende
807 2299 925 2333 Sache

179 2343 414 2389 gewohnlich
446 2345 516 2379 mit
540 2345 606 2388 ad;
639 2345 714 2389 (529,
744 2350 774 2388 l,
804 2349 845 2380 18
879 2347 927 2381 ad

179 2392 320 2435 bellum)
342 2391 430 2426 oder
444 2391 502 2426 die
518 2391 746 2437 Thatigkeit‚
771 2393 827 2427 bei
839 2393 926 2427 wel-

183 2438 270 2473 cher
303 2437 362 2472 die
389 2437 682 2484 Unterstiitzung
708 2440 927 2482 stattfindet,

179 2485 248 2519 mit
272 2485 314 2519 in
340 2495 368 2518 0.
397 2485 470 2519 abl.
497 2485 556 2527 23,
585 2490 617 2528 5,
645 2490 663 2520 7
692 2487 732 2520 in
758 2487 855 2521 bello.

228 2536 259 2567 6.
287 2532 462 2577 Arverni]
511 2532 716 2568 Bewohner
753 2533 818 2568 der
854 2534 927 2567 Au-

179 2589 326 2624 vex-gne.

227 2627 460 2671 deincepsque
476 2627 588 2672 aliae]
610 2627 671 2670 „in
691 2626 756 2661 der
770 2627 927 2661 Reihen-

182 2672 293 2718 folge,
319 2673 388 2707 wie
416 2672 469 2707 sie
496 2683 557 2708 am
579 2674 695 2718 Wege
722 2674 867 2718 lagen“.
883 2695 926 2699 —

182 2719 293 2754 Meist
325 2720 425 2754 steht
456 2731 522 2755 vor
553 2721 719 2765 deinceps
751 2721 810 2755 ein
841 2721 928 2756 Pro-

180 2777 330 2801 nomen:
352 2767 390 2801 hi
411 2767 588 2811 deinceps,
608 2778 726 2802 omnes
745 2769 928 2812 deinceps;

184 2812 279 2847 doch
299 2813 401 2848 steht
418 2824 455 2848 es
472 2814 541 2848 wie
559 2814 639 2849 hier
655 2825 769 2850 voran
786 2815 820 2857 ὖ,
836 2819 891 2858 37,
908 2819 927 2849 6

183 2861 348 2904 deinceps
384 2861 469 2894 inde
507 2861 664 2896 aliorum
696 2862 927 2906 populorum.

997 1876 1031 1919 ⁶2,
1070 1880 1126 1921 45,
1166 1879 1220 1910 14.
1271 1876 1434 1920 deinceps
1483 1875 1598 1910 omnis
1646 1885 1742 1910 exer-

997 1925 1099 1958 citus.

1047 1974 1076 2005 7.
1099 1981 1166 2015 per
1180 1970 1323 2004 munita
1333 1968 1522 2014 pleraque]
1545 1967 1741 2011 „meistens

999 2017 1065 2051 auf
1097 2017 1310 2062 gebahnten
1343 2016 1528 2061 Wegen“;
1566 2015 1626 2050 bei
1664 2014 1743 2050 Liv.

999 2064 1227 2099 namentlich
1259 2063 1329 2098 mit
1360 2064 1482 2098 omnia
1513 2062 1655 2106 h'aufig:
1677 2072 1744 2106 per

991 2115 1132 2156 pacata
1176 2111 1323 2152 ommia;
1370 2127 1413 2139 =
1458 2109 1572 2144 durch
1623 2109 1744 2144 lauter

997 2157 1191 2193 friedliche
1216 2157 1433 2203 Gegenden,
1460 2155 1529 2190 mit
1552 2156 1740 2200 pleraque:

997 2205 1063 2247 31,
1091 2209 1153 2247 39,
1181 2208 1235 2239 10.
1271 2225 1313 2229 ——
1346 2203 1528 2248 Ubrigens
1561 2203 1611 2236 ist
1642 2203 1744 2236 sonst

998 2252 1122 2286 weder
1141 2251 1317 2295 bekannt,
1342 2250 1422 2284 dass
1442 2249 1627 2284 Hannibal
1648 2248 1742 2283 habe

998 2300 1116 2343 Wege
1155 2299 1312 2343 anlegen
1349 2298 1486 2338 lassen,
1528 2296 1623 2330 noch
1662 2293 1743 2330 dass

1001 2348 1144 2390 spatere
1194 2345 1424 2388 Heeresziige
1477 2342 1743 2386 (adsuetudine)

1000 2393 1153 2427 Bahnen
1179 2390 1391 2436 geschaffen
1417 2390 1558 2424 hatten.
1586 2409 1629 2414 —

1049 2443 1081 2474 8.
1108 2439 1290 2474 invisitati
1307 2458 1349 2462 —
1367 2436 1595 2482 alienigenis]
1616 2435 1743 2470 alieni-

1000 2487 1100 2532 qenis
1131 2486 1180 2520 ist
1205 2484 1334 2519 Dativ:
1365 2483 1449 2529 „bei
1474 2482 1652 2517 Fremden
1683 2482 1742 2516 nie

1001 2533 1199 2579 gesehen‘z
1238 2532 1284 2566 da
1322 2531 1374 2566 sie
1413 2530 1492 2565 ihre
1530 2529 1645 2573 Berge
1683 2528 1743 2562 nie

1001 2579 1207 2615 verliessen.
1252 2577 1316 2613 Bei
1355 2578 1438 2612 dem
1475 2575 1635 2610 Einfalle
1675 2578 1743 2610 390

1002 2627 1145 2662 heissen
1196 2625 1254 2660 die
1302 2624 1442 2660 Gallier
1489 2633 1575 2668 qens
1617 2622 1744 2656 ini-isi-

1002 2678 1091 2717 tata,
1134 2674 1270 2716 formae
1311 2671 1493 2706 hominum
1533 2669 1744 2704 invisitatae

1001 2734 1033 2756 u.
1067 2733 1099 2757 a.

1049 2766 1240 2811 advenam]
1267 2793 1287 2807 ,.
1297 2763 1402 2799 einen
1434 2761 1695 2796 Einwanderer
1705 2762 1743 2803 “3

1002 2815 1097 2850 auch
1135 2813 1189 2847 als
1221 2811 1413 2855 Adjektiv:
1446 2810 1587 2844 advena
1617 2808 1743 2852 cultor,

1002 2859 1318 2906 eingewanderter
1342 2856 1554 2892 Bewohner.
