1926 3219
230 103 286 144 54
688 102 829 137 LlBER
854 103 1000 138 xxvu.
1053 103 1153 138 CAP.
1180 106 1235 138 29.
1264 107 1316 139 30.
1627 123 1652 141 2..
1672 123 1700 141 u.
1721 116 1781 142 546.

230 224 279 251 ex
318 208 462 251 Sicilia
499 211 542 251 in
581 209 771 250 Africam
809 209 995 250 tramisit
1033 211 1074 248 et
1114 208 1167 248 ad
1212 207 1417 262 Clupeam
1455 211 1601 251 urbem
1641 224 1782 252 escen-

230 269 349 309 sione
388 268 503 310 facta
547 281 697 321 agrum
726 263 827 307 'late
870 267 988 307 nullo
1032 265 1164 306 ferme
1209 266 1334 307 obvio
1380 271 1543 310 armato
1586 269 1782 309 vastavit.

228 326 324 367 inde
357 327 409 367 ad
440 339 570 367 naves
602 324 760 377 raptim
793 324 1066 377 praedatores
1107 325 1285 378 recepti,
1323 326 1420 378 quia
1456 330 1629 380 repente
1667 326 1784 368 fama

228 385 381 426 accidit
418 385 597 426 classem
642 382 849 424 Punicam
888 383 1128 424 adventare.
1191 382 1413 437 octoginta
1456 387 1575 426 erant
1617 388 1659 427 et
1695 387 1782 426 tres

181 451 201 481 8
229 457 370 484 naves.
434 456 529 483 cum
560 441 628 482 his
660 441 776 482 haud
807 442 956 495 procul
989 440 1149 495 Clupea
1194 455 1395 495 prospere
1433 445 1598 496 pugnat
1629 443 1783 485 Roma-

227 516 317 542 nus.
372 500 515 542 decem
548 502 589 541 et
622 502 717 541 octo
750 501 930 542 navibus
964 500 1116 555 captis,
1155 499 1315 554 fugatis
1349 499 1463 554 aliis,
1501 514 1595 542 cum
1627 515 1784 557 magna

227 559 421 600 terrestri
453 559 683 613 navalique
716 558 875 613 praeda
908 558 1160 613 Lilybaeum
1192 558 1329 599 rediit.

183 626 201 656 9
347 617 509 659 Eadem
548 619 711 659 aestate
752 621 793 658 et
826 617 1049 671 Philippus
1090 617 1419 671 implorantibus
1452 616 1636 658 Achaeis
1670 618 1783 659 auxi-

227 677 330 717 lium
377 676 498 730 tulit,
542 691 648 731 quos
694 679 736 717 et
779 676 1056 717 Machanidas
1101 680 1313 729 tyrannus
1352 675 1784 728 Lacedaemoniorum

228 734 414 776 finitimo
445 735 560 776 bello
588 735 752 788 urebat,
785 738 825 776 et
854 734 997 776 Aetoli
1022 734 1202 775 navibus
1230 748 1304 788 per
1329 734 1499 788 fretum,
1532 734 1645 788 quod
1669 733 1710 775 N
1715 748 1783 775 au-

228 796 402 848 pactum
435 796 478 834 et
510 793 661 834 Patras
694 793 902 834 interfluit
932 817 979 821 —
1011 792 1155 833 Rhion
1187 793 1352 834 incolae
1384 795 1539 834 vocant
1571 817 1638 846 —,
1671 806 1785 833 exer·

164 859 204 888 10
233 852 318 893 citu
350 852 529 893 traiecto
564 851 811 905 depopulati
844 854 977 891 erant.
1041 851 1235 891 Attalum
1269 865 1434 904 quoque
1466 865 1610 906 regem
1642 850 1784 904 Asiae,

228 911 327 964 quia
366 910 511 951 Aetoli
550 924 762 951 summum
802 909 942 963 gentis
982 924 1082 950 suae
1122 909 1425 963 magistratum
1465 909 1517 950 ad
1555 924 1651 951 eum
1690 924 1784 963 pro—

226 969 340 1010 ximo
380 968 558 1010 concilio
592 968 854 1021 detulerant,
892 967 1008 1008 fama
1040 970 1132 1009 erat
1163 968 1208 1008 in
1238 966 1460 1020 Europam
1492 968 1785 1010 traiecturum.

157 1030 207 1065 30
233 1026 298 1068 Ob
330 1027 435 1068 haec
462 1026 662 1082 Philippo
694 1027 740 1068 in
767 1026 991 1068 Graeciam
1025 1025 1299 1067 descendenti
1332 1025 1384 1066 ad
1410 1025 1604 1067 Lamiam
1635 1027 1786 1067 urbem

224 1086 370 1127 Aetoli
402 1086 506 1127 duce
539 1085 738 1140 Pyrrhia,
781 1085 852 1139 qui
883 1088 1054 1139 praetor
1085 1085 1130 1125 in
1163 1099 1259 1126 eum
1292 1099 1449 1125 annum
1483 1099 1578 1125 cum
1610 1084 1785 1126 absente

183 1151 202 1181 2
231 1143 381 1186 Attalo
411 1146 577 1186 creatus
606 1147 708 1197 erat,
740 1147 1003 1186 occurerunt.
1047 1143 1265 1185 habebant
1291 1145 1333 1184 et
1366 1143 1419 1184 ab
1446 1142 1594 1184 Attalo
1627 1143 1785 1184 auxilia

228 1217 369 1244 secum
408 1206 450 1244 et
481 1204 596 1244 mille
638 1203 770 1244 ferme
810 1217 860 1243 ex
900 1203 1098 1244 Romana
1139 1203 1273 1244 classe
1313 1216 1337 1242 a
1375 1201 1420 1245 P.
1460 1200 1649 1255 Sulpicio
1688 1201 1785 1243 mis-

227 1276 309 1303 sos.
379 1261 581 1303 adversus
626 1262 738 1303 hunc
784 1262 932 1303 ducem
977 1264 1104 1315 atque
1149 1261 1227 1302 has
1273 1261 1417 1314 copias
1456 1259 1678 1314 Philippus
1720 1260 1786 1301 bis

227 1334 429 1374 prospero
469 1323 621 1362 eventu
676 1320 903 1375 pugnavit,
947 1320 1062 1361 mille
1106 1319 1334 1360 admodum
1378 1319 1566 1360 hostium
1609 1321 1788 1373 utraque

180 1386 198 1416 3
229 1392 373 1433 pugna
406 1379 572 1420 occidit.
634 1379 730 1420 inde
764 1394 859 1420 cum
891 1379 1037 1420 Aetoli
1070 1380 1185 1419 metu
1218 1377 1428 1431 compulsi
1462 1376 1636 1419 Lamiae
1668 1377 1786 1418 urbis

227 1438 448 1479 moenibus
469 1440 665 1479 tenerent
686 1452 791 1491 sese,
816 1437 1041 1491 Philippus
1063 1436 1116 1478 ad
1136 1436 1323 1477 Phalara
1349 1436 1581 1477 exercitum
1608 1435 1787 1476 reduxit.

227 1497 268 1537 in
307 1495 489 1538 Maliaco
539 1497 633 1538 sinu
673 1497 708 1537 is
746 1497 862 1538 locus
903 1499 987 1549 est,
1032 1495 1245 1550 quondam
1283 1495 1529 1549 frequenter
1567 1494 1788 1535 habitatus

225 1557 402 1608 propter
441 1555 663 1610 egregium
704 1558 876 1607 portum
916 1557 1119 1608 tutasque
1158 1554 1270 1594 circa
1316 1554 1525 1594 stationes
1570 1555 1612 1593 et
1657 1552 1786 1593 aliam

178 1622 199 1651 4
226 1614 594 1667 opportunitatem
634 1614 907 1655 maritumam
946 1615 1289 1666 terrestremque.
1352 1625 1401 1653 eo
1440 1611 1570 1665 legati
1603 1611 1656 1652 ab
1688 1624 1787 1665 rege

226 1671 417 1726 Aegypti
444 1672 697 1714 Ptolomaeo
725 1671 990 1726 Rhodiisque
1017 1673 1060 1712 et
1086 1670 1420 1712 Atheniensibus
1447 1672 1490 1710 et
1517 1668 1635 1711 Chiis
1667 1683 1788 1710 vene-

227 1733 328 1771 runt
366 1731 419 1772 ad
458 1731 739 1773 dirimendum
786 1731 896 1771 inter
933 1729 1180 1784 Philippum
1229 1732 1354 1783 atque
1394 1728 1570 1770 Aetolos
1614 1728 1786 1769 bellum.

228 1789 446 1830 adhibitus
487 1790 540 1831 ab
584 1789 751 1831 Aetolis
798 1792 841 1830 et
885 1803 934 1830 ex
980 1789 1176 1830 finitimis
1223 1788 1469 1842 pacificator
1509 1786 1787 1840 Amynander

271 1920 302 1950 7.
338 1917 386 1951 ad
419 1917 607 1963 Clupeam]
641 1916 706 1951 der
738 1916 872 1959 Name,
906 1926 970 1950 aus

226 1963 308 1997 dem
368 1963 631 1998 Griechischen
693 1960 803 2003 ἀσπίς
864 1963 970 1997 fiber-

224 2011 368 2054 magen,
395 2011 443 2045 ist
468 2011 532 2046 der
552 2010 660 2045 Stadt
685 2021 758 2045 von
778 2010 842 2045 der
862 2009 970 2044 Form

226 2057 289 2091 des
321 2057 481 2102 Hiigels,
513 2057 579 2092 auf
607 2058 689 2092 dem
717 2057 768 2091 sie
795 2057 874 2102 lag,
908 2067 969 2101 ge-

224 2103 359 2148 geben,
395 2104 469 2149 vgl.
497 2104 724 2149 Trapezunt,
756 2104 969 2148 Drepanum

225 2162 256 2184 u.
284 2152 325 2185 A.

269 2200 300 2232 8.
329 2198 442 2233 elecem
474 2201 505 2232 et
536 2198 627 2243 octo]
656 2197 714 2232 die
742 2207 967 2231 zusammen-

223 2246 413 2287 gesetzten
439 2245 578 2279 Zahlen
609 2245 682 2279 lost
708 2244 787 2279 Liv.
815 2255 904 2288 gern
930 2243 967 2277 in

223 2291 302 2325 ihre
335 2291 438 2326 Teile
470 2292 548 2334 auf3
581 2292 640 2335 26,
667 2295 722 2335 49,
750 2295 769 2325 3
796 2292 910 2325 decem
936 2294 967 2324 et

224 2338 295 2372 tria
329 2338 394 2382 26,
428 2343 490 2381 47,
526 2343 543 2373 7
580 2340 694 2373 decem
725 2342 757 2373 et
789 2341 874 2373 octo.
920 2337 968 2371 Er

224 2386 309 2429 sagt
334 2385 422 2419 aber
447 2397 528 2419 nur
553 2386 764 2430 quindecim.

270 2440 301 2466 c.
330 2431 388 2475 29,
417 2432 547 2476 9-33,
574 2436 604 2466 5.
633 2432 896 2476 Ereignisse
922 2431 967 2465 in

224 2478 570 2513 Griechenland.

270 2529 301 2560 9.
314 2536 401 2569 quos
413 2546 455 2551 —
468 2526 611 2572 urebat]
642 2526 707 2560 das
724 2525 886 2560 Verbum
900 2535 967 2560 uro

224 2572 418 2617 fibertragt
438 2573 514 2608 Liv.
543 2575 607 2608 auf
633 2573 729 2607 viele
756 2572 885 2617 Dinge,
907 2572 966 2606 die

226 2618 297 2653 den
325 2618 526 2655 Menschen
557 2620 671 2665 Plage
704 2620 967 2659 verursachen;

225 2676 283 2699 am
339 2666 550 2712 haufigsten
605 2668 692 2702 bello
748 2667 829 2710 uri,
876 2666 970 2700 auch

219 2713 437 2756 pestilentia.

226 2760 846 2853 m{1²⁴2ss‹lnssfissl'ss‘ssltbglssssgiffi
855 2759 970 2841 ffil'

223 2852 318 2887 sativ
345 2854 599 2898 angewendet.

1092 1914 1231 1961 Rhion]
1276 1914 1350 1957 vgl.
1395 1913 1461 1957 28,
1489 1917 1520 1956 ’7,
1550 1917 1591 1948 18
1635 1913 1787 1958 (Rhion)

1042 1963 1166 2004 fauces
1190 1965 1275 1996 suut
1302 1961 1484 1996 Corinthii
1507 1962 1620 1996 sinus.

1093 2013 1146 2043 10.
1173 2020 1350 2043 summum
1368 2029 1411 2034 —
1430 2007 1699 2053 mayistratum]
1724 2007 1788 2042 das

1043 2056 1131 2091 Amt
1144 2056 1207 2090 des
1223 2053 1425 2099 στρατηγός
1439 2057 1482 2099 (c.
1499 2059 1554 2098 30,
1573 2054 1786 2099 Lpraetor).

1090 2112 1117 2138 c.
1133 2102 1193 2144 30,
1208 2106 1228 2136 2
1244 2103 1338 2137 mille
1355 2122 1397 2127 —-
1410 2102 1581 2147 hostium]
1609 2101 1672 2135 der
1682 2100 1789 2136 Geni-

1041 2150 1096 2184 tiv
1104 2150 1199 2184 nach
1208 2150 1302 2183 mille
1315 2149 1365 2183 ist
1377 2149 1438 2183 bei
1451 2149 1530 2184 Liv.
1544 2148 1648 2182 nicht
1661 2148 1788 2191 selten,

1041 2196 1136 2231 doch
1182 2208 1266 2240 nur,
1304 2207 1412 2230 wenn
1455 2196 1550 2230 mille
1587 2195 1702 2230 selbst
1738 2193 1788 2228 im

1040 2242 1256 2278 Nominativ
1277 2243 1366 2278 oder
1384 2242 1581 2277 Accusativ
1603 2241 1712 2277 steht.

1088 2295 1120 2326 3.
1146 2291 1348 2334 frequenter
1367 2310 1411 2314 —
1430 2287 1630 2333 habitatus]
1659 2286 1785 2331 „stark

1040 2337 1266 2372 bevolke1·t“.
1295 2337 1368 2370 Cic.
1395 2338 1479 2380 sagt
1504 2337 1595 2370 stets
1620 2335 1786 2369 habitare

1040 2385 1081 2418 in
1107 2384 1198 2425 loco,
1224 2382 1301 2417 Liv.
1335 2383 1501 2417 daneben
1535 2381 1630 2416 auch
1655 2382 1781 2415 locum.

1040 2430 1099 2474 26,
1119 2434 1172 2473 16,
1182 2434 1213 2464 9.
1228 2430 1391 2465 habitari
1406 2449 1448 2455 ——
1463 2432 1637 2473 tanquam
1649 2428 1783 2462 urbem.

1081 2481 1229 2522 portum
1262 2497 1305 2501 —
1337 2476 1541 2521 stationem]
1574 2474 1629 2508 als
1662 2474 1783 2508 Hafen

1040 2524 1096 2558 fiir
1111 2524 1288 2558 Handels-
1303 2523 1378 2557 und
1391 2520 1686 2567 Kriegszwecke3
1709 2520 1783 2564 vgl.

1039 2571 1100 2614 26,
1126 2574 1182 2612 43,
1211 2575 1311 2606 7-8,

1090 2622 1121 2654 4.
1163 2617 1369 2653 Ptolomaeo
1423 2614 1658 2659 Rhodiisque]
1727 2614 1786 2648 ihr

1043 2664 1372 2710 gutesVerh'altnis
1387 2675 1430 2697 zu
1438 2663 1532 2697 Rom
1547 2661 1651 2706 giebt
1659 2660 1785 2695 diesen

1044 2712 1103 2746 die
1124 2711 1385 2757 Moglichkeit‚
1413 2709 1492 2743 eine
1520 2707 1785 2752 Einmischung

1044 2759 1109 2793 der
1134 2759 1270 2792 Romer
1297 2757 1334 2791 in
1359 2755 1588 2801 griechische
1612 2754 1785 2789 Verh‘alt-

1045 2806 1142 2840 nisse
1168 2816 1210 2838 zu
1236 2803 1390 2838 hindern
1418 2806 1436 2844 ἓ
1466 2806 1518 2837 10.

1088 2850 1317 2896 pacificator]
1338 2847 1698 2894 ‚,Friedensstifter“;
1720 2847 1784 2882 das
