<?xml version="1.0" encoding="UTF-8"?>
<!DOCTYPE html PUBLIC "-//W3C//DTD XHTML 1.0 Transitional//EN"
    "http://www.w3.org/TR/xhtml1/DTD/xhtml1-transitional.dtd">
<html xmlns="http://www.w3.org/1999/xhtml" xml:lang="en" lang="en">
 <head>
  <title>
</title>
<meta http-equiv="Content-Type" content="text/html;charset=utf-8" />
  <meta name='ocr-system' content='tesseract 3.04.00' />
  <meta name='ocr-capabilities' content='ocr_page ocr_carea ocr_par ocr_line ocrx_word'/>
</head>
<body>
  <div class='ocr_page' id='page_1' title='image "./aburbeconditalib27livyuoft_0098.png"; bbox 0 0 1926 3219; ppageno 0'>
   <div class='ocr_carea' id='block_1_1' title="bbox 169 279 189 308">
    <p class='ocr_par' dir='ltr' id='par_1_1' title="bbox 169 279 189 308">
     <span class='ocr_line' id='line_1_1' title="bbox 169 279 189 308; baseline 0 0"><span class='ocrx_word' id='word_1_1' title='bbox 169 279 189 308; x_wconf 82' lang='lat'>4</span> 
     </span>
    </p>
   </div>
   <div class='ocr_carea' id='block_1_2' title="bbox 170 453 189 482">
    <p class='ocr_par' dir='ltr' id='par_1_2' title="bbox 170 453 189 482">
     <span class='ocr_line' id='line_1_2' title="bbox 170 453 189 482; baseline 0 0"><span class='ocrx_word' id='word_1_2' title='bbox 170 453 189 482; x_wconf 89' lang='lat'>5</span> 
     </span>
    </p>
   </div>
   <div class='ocr_carea' id='block_1_3' title="bbox 169 685 188 716">
    <p class='ocr_par' dir='ltr' id='par_1_3' title="bbox 169 685 188 716">
     <span class='ocr_line' id='line_1_3' title="bbox 169 685 188 716; baseline 0 0"><span class='ocrx_word' id='word_1_3' title='bbox 169 685 188 716; x_wconf 79' lang='lat'>(3</span> 
     </span>
    </p>
   </div>
   <div class='ocr_carea' id='block_1_4' title="bbox 170 920 188 950">
    <p class='ocr_par' dir='ltr' id='par_1_4' title="bbox 170 920 188 950">
     <span class='ocr_line' id='line_1_4' title="bbox 170 920 188 950; baseline 0 0"><span class='ocrx_word' id='word_1_4' title='bbox 170 920 188 950; x_wconf 84' lang='lat'>7</span> 
     </span>
    </p>
   </div>
   <div class='ocr_carea' id='block_1_5' title="bbox 169 1036 190 1067">
    <p class='ocr_par' dir='ltr' id='par_1_5' title="bbox 169 1036 190 1067">
     <span class='ocr_line' id='line_1_5' title="bbox 169 1036 190 1067; baseline 0 0"><span class='ocrx_word' id='word_1_5' title='bbox 169 1036 190 1067; x_wconf 88' lang='lat'>8</span> 
     </span>
    </p>
   </div>
   <div class='ocr_carea' id='block_1_6' title="bbox 169 1153 188 1184">
    <p class='ocr_par' dir='ltr' id='par_1_6' title="bbox 169 1153 188 1184">
     <span class='ocr_line' id='line_1_6' title="bbox 169 1153 188 1184; baseline 0 0"><span class='ocrx_word' id='word_1_6' title='bbox 169 1153 188 1184; x_wconf 88' lang='grc'><strong>9</strong></span> 
     </span>
    </p>
   </div>
   <div class='ocr_carea' id='block_1_7' title="bbox 147 1387 189 1418">
    <p class='ocr_par' dir='ltr' id='par_1_7' title="bbox 147 1387 189 1418">
     <span class='ocr_line' id='line_1_7' title="bbox 147 1387 189 1418; baseline 0.024 -1"><span class='ocrx_word' id='word_1_7' title='bbox 147 1387 189 1418; x_wconf 91' lang='grc'>10</span> 
     </span>
    </p>
   </div>
   <div class='ocr_carea' id='block_1_8' title="bbox 145 1558 194 1594">
    <p class='ocr_par' dir='ltr' id='par_1_8' title="bbox 145 1558 194 1594">
     <span class='ocr_line' id='line_1_8' title="bbox 145 1558 194 1594; baseline 0 0"><span class='ocrx_word' id='word_1_8' title='bbox 145 1558 194 1594; x_wconf 79' lang='lat'>45</span> 
     </span>
    </p>
   </div>
   <div class='ocr_carea' id='block_1_9' title="bbox 169 1680 190 1770">
    <p class='ocr_par' dir='ltr' id='par_1_9' title="bbox 169 1680 190 1770">
     <span class='ocr_line' id='line_1_9' title="bbox 170 1680 190 1710; baseline 0 0"><span class='ocrx_word' id='word_1_9' title='bbox 170 1680 190 1710; x_wconf 89' lang='grc'>2</span> 
     </span>
     <span class='ocr_line' id='line_1_10' title="bbox 169 1739 189 1770; baseline 0 0"><span class='ocrx_word' id='word_1_10' title='bbox 169 1739 189 1770; x_wconf 90' lang='grc'><strong>3</strong></span> 
     </span>
    </p>
   </div>
   <div class='ocr_carea' id='block_1_10' title="bbox 217 100 1309 147">
    <p class='ocr_par' dir='ltr' id='par_1_10' title="bbox 217 100 1309 147">
     <span class='ocr_line' id='line_1_11' title="bbox 217 100 1309 147; baseline -0.005 -7"><span class='ocrx_word' id='word_1_11' title='bbox 217 106 270 147; x_wconf 80' lang='grc'>76</span> <span class='ocrx_word' id='word_1_12' title='bbox 674 103 818 138; x_wconf 85' lang='lat' dir='ltr'><strong>LIBER</strong></span> <span class='ocrx_word' id='word_1_13' title='bbox 843 102 990 137; x_wconf 81' lang='lat' dir='ltr'>XXVII.</span> <span class='ocrx_word' id='word_1_14' title='bbox 1041 100 1144 136; x_wconf 87' lang='lat' dir='ltr'>CAP.</span> <span class='ocrx_word' id='word_1_15' title='bbox 1172 105 1227 136; x_wconf 83' lang='lat'>44.</span> <span class='ocrx_word' id='word_1_16' title='bbox 1254 106 1309 137; x_wconf 83' lang='lat'>45.</span> 
     </span>
    </p>
   </div>
   <div class='ocr_carea' id='block_1_11' title="bbox 1610 115 1765 140">
    <p class='ocr_par' dir='ltr' id='par_1_11' title="bbox 1610 115 1765 140">
     <span class='ocr_line' id='line_1_12' title="bbox 1610 115 1765 140; baseline 0 0"><span class='ocrx_word' id='word_1_17' title='bbox 1610 121 1636 140; x_wconf 66' lang='lat' dir='ltr'>a.</span> <span class='ocrx_word' id='word_1_18' title='bbox 1657 122 1686 140; x_wconf 86' lang='lat' dir='ltr'>u.</span> <span class='ocrx_word' id='word_1_19' title='bbox 1705 115 1765 140; x_wconf 74' lang='lat'>547.</span> 
     </span>
    </p>
   </div>
   <div class='ocr_carea' id='block_1_12' title="bbox 214 207 1774 1785">
    <p class='ocr_par' dir='ltr' id='par_1_12' title="bbox 214 207 1774 1549">
     <span class='ocr_line' id='line_1_13' title="bbox 214 207 1766 265; baseline -0.002 -12"><span class='ocrx_word' id='word_1_20' title='bbox 214 211 373 264; x_wconf 84' lang='lat' dir='ltr'>hostis,</span> <span class='ocrx_word' id='word_1_21' title='bbox 409 212 479 265; x_wconf 85' lang='lat' dir='ltr'>qui</span> <span class='ocrx_word' id='word_1_22' title='bbox 520 210 668 251; x_wconf 88' lang='lat' dir='ltr'>ducem</span> <span class='ocrx_word' id='word_1_23' title='bbox 701 209 797 250; x_wconf 88' lang='lat' dir='ltr'>inde</span> <span class='ocrx_word' id='word_1_24' title='bbox 830 211 954 261; x_wconf 89' lang='lat' dir='ltr'>atque</span> <span class='ocrx_word' id='word_1_25' title='bbox 988 207 1196 248; x_wconf 80' lang='lat' dir='ltr'>exercitus</span> <span class='ocrx_word' id='word_1_26' title='bbox 1230 211 1394 261; x_wconf 86' lang='lat' dir='ltr'>partem</span> <span class='ocrx_word' id='word_1_27' title='bbox 1426 209 1565 250; x_wconf 88' lang='lat' dir='ltr'>abisse</span> <span class='ocrx_word' id='word_1_28' title='bbox 1597 209 1766 263; x_wconf 85' lang='lat' dir='ltr'>ignora-</span> 
     </span>
     <span class='ocr_line' id='line_1_14' title="bbox 216 265 1767 324; baseline -0.002 -13"><span class='ocrx_word' id='word_1_29' title='bbox 216 274 291 311; x_wconf 80' lang='lat' dir='ltr'>ret.</span> <span class='ocrx_word' id='word_1_30' title='bbox 353 269 455 324; x_wconf 89' lang='lat' dir='ltr'>quid</span> <span class='ocrx_word' id='word_1_31' title='bbox 486 268 695 320; x_wconf 88' lang='lat' dir='ltr'>futurum,</span> <span class='ocrx_word' id='word_1_32' title='bbox 729 267 765 307; x_wconf 90' lang='lat' dir='ltr'>si</span> <span class='ocrx_word' id='word_1_33' title='bbox 797 266 839 306; x_wconf 89' lang='lat' dir='ltr'>id</span> <span class='ocrx_word' id='word_1_34' title='bbox 871 266 1012 319; x_wconf 85' lang='lat' dir='ltr'>palam</span> <span class='ocrx_word' id='word_1_35' title='bbox 1044 265 1140 317; x_wconf 88' lang='lat' dir='ltr'>fiat,</span> <span class='ocrx_word' id='word_1_36' title='bbox 1178 268 1220 305; x_wconf 86' lang='lat' dir='ltr'>et</span> <span class='ocrx_word' id='word_1_37' title='bbox 1252 268 1326 306; x_wconf 88' lang='lat' dir='ltr'>aut</span> <span class='ocrx_word' id='word_1_38' title='bbox 1355 267 1520 320; x_wconf 85' lang='lat' dir='ltr'>insequi</span> <span class='ocrx_word' id='word_1_39' title='bbox 1551 266 1767 308; x_wconf 85' lang='lat' dir='ltr'>Neronem</span> 
     </span>
     <span class='ocr_line' id='line_1_15' title="bbox 216 322 1769 377; baseline -0.002 -8"><span class='ocrx_word' id='word_1_40' title='bbox 216 342 310 369; x_wconf 90' lang='lat' dir='ltr'>cum</span> <span class='ocrx_word' id='word_1_41' title='bbox 349 341 421 368; x_wconf 82' lang='lat' dir='ltr'>sex</span> <span class='ocrx_word' id='word_1_42' title='bbox 461 326 632 367; x_wconf 90' lang='lat' dir='ltr'>milibus</span> <span class='ocrx_word' id='word_1_43' title='bbox 679 327 943 366; x_wconf 88' lang='lat' dir='ltr'>armatorum</span> <span class='ocrx_word' id='word_1_44' title='bbox 990 323 1229 377; x_wconf 87' lang='lat' dir='ltr'>profectum</span> <span class='ocrx_word' id='word_1_45' title='bbox 1267 322 1483 365; x_wconf 86' lang='lat' dir='ltr'>Hannibal</span> <span class='ocrx_word' id='word_1_46' title='bbox 1519 328 1610 366; x_wconf 87' lang='lat' dir='ltr'>toto</span> <span class='ocrx_word' id='word_1_47' title='bbox 1656 339 1769 366; x_wconf 85' lang='lat' dir='ltr'>exer-</span> 
     </span>
     <span class='ocr_line' id='line_1_16' title="bbox 217 381 1766 437; baseline -0.002 -10"><span class='ocrx_word' id='word_1_48' title='bbox 217 387 302 428; x_wconf 88' lang='lat' dir='ltr'>citu</span> <span class='ocrx_word' id='word_1_49' title='bbox 333 385 436 426; x_wconf 84' lang='lat' dir='ltr'>velit</span> <span class='ocrx_word' id='word_1_50' title='bbox 468 387 542 425; x_wconf 88' lang='lat' dir='ltr'>aut</span> <span class='ocrx_word' id='word_1_51' title='bbox 574 386 716 424; x_wconf 88' lang='lat' dir='ltr'>castra</span> <span class='ocrx_word' id='word_1_52' title='bbox 748 382 947 423; x_wconf 82' lang='lat' dir='ltr'>invadere</span> <span class='ocrx_word' id='word_1_53' title='bbox 973 382 1157 436; x_wconf 84' lang='lat' dir='ltr'>praedae</span> <span class='ocrx_word' id='word_1_54' title='bbox 1181 381 1329 422; x_wconf 84' lang='lat' dir='ltr'>relicta</span> <span class='ocrx_word' id='word_1_55' title='bbox 1356 382 1446 423; x_wconf 83' lang='lat' dir='ltr'>sine</span> <span class='ocrx_word' id='word_1_56' title='bbox 1473 383 1644 437; x_wconf 83' lang='lat' dir='ltr'>viribus,</span> <span class='ocrx_word' id='word_1_57' title='bbox 1676 383 1766 424; x_wconf 91' lang='lat' dir='ltr'>sine</span> 
     </span>
     <span class='ocr_line' id='line_1_17' title="bbox 216 440 1768 498; baseline -0.002 -13"><span class='ocrx_word' id='word_1_58' title='bbox 216 444 407 498; x_wconf 89' lang='lat' dir='ltr'>imperio,</span> <span class='ocrx_word' id='word_1_59' title='bbox 440 443 530 484; x_wconf 86' lang='lat' dir='ltr'>sine</span> <span class='ocrx_word' id='word_1_60' title='bbox 563 440 780 495; x_wconf 82' lang='lat' dir='ltr'>auspicio?</span> <span class='ocrx_word' id='word_1_61' title='bbox 823 444 987 482; x_wconf 86' lang='lat' dir='ltr'>veteres</span> <span class='ocrx_word' id='word_1_62' title='bbox 1020 440 1109 481; x_wconf 91' lang='lat' dir='ltr'>eius</span> <span class='ocrx_word' id='word_1_63' title='bbox 1141 440 1243 481; x_wconf 90' lang='lat' dir='ltr'>belli</span> <span class='ocrx_word' id='word_1_64' title='bbox 1275 440 1428 493; x_wconf 82' lang='lat' dir='ltr'>clades,</span> <span class='ocrx_word' id='word_1_65' title='bbox 1459 440 1541 481; x_wconf 90' lang='lat' dir='ltr'>duo</span> <span class='ocrx_word' id='word_1_66' title='bbox 1573 441 1768 483; x_wconf 86' lang='lat' dir='ltr'>consules</span> 
     </span>
     <span class='ocr_line' id='line_1_18' title="bbox 214 498 1767 557; baseline -0.002 -14"><span class='ocrx_word' id='word_1_67' title='bbox 214 502 408 557; x_wconf 82' lang='lat' dir='ltr'>proximo</span> <span class='ocrx_word' id='word_1_68' title='bbox 443 515 554 542; x_wconf 87' lang='lat' dir='ltr'>anno</span> <span class='ocrx_word' id='word_1_69' title='bbox 587 500 798 541; x_wconf 73' lang='lat' dir='ltr'>interfecti</span> <span class='ocrx_word' id='word_1_70' title='bbox 831 499 1067 540; x_wconf 86' lang='lat' dir='ltr'>terrebant:</span> <span class='ocrx_word' id='word_1_71' title='bbox 1100 502 1141 540; x_wconf 93' lang='lat' dir='ltr'>et</span> <span class='ocrx_word' id='word_1_72' title='bbox 1174 513 1223 539; x_wconf 90' lang='lat' dir='ltr'>ea</span> <span class='ocrx_word' id='word_1_73' title='bbox 1255 498 1399 539; x_wconf 82' lang='lat' dir='ltr'>omnia</span> <span class='ocrx_word' id='word_1_74' title='bbox 1428 498 1641 553; x_wconf 88' lang='lat' dir='ltr'>accidisse,</span> <span class='ocrx_word' id='word_1_75' title='bbox 1672 514 1767 541; x_wconf 88' lang='lat' dir='ltr'>cum</span> 
     </span>
     <span class='ocr_line' id='line_1_19' title="bbox 215 555 1768 614; baseline -0.001 -13"><span class='ocrx_word' id='word_1_76' title='bbox 215 575 324 602; x_wconf 89' lang='lat' dir='ltr'>unus</span> <span class='ocrx_word' id='word_1_77' title='bbox 357 560 610 614; x_wconf 89' lang='lat' dir='ltr'>imperator,</span> <span class='ocrx_word' id='word_1_78' title='bbox 649 573 759 600; x_wconf 91' lang='lat' dir='ltr'>unus</span> <span class='ocrx_word' id='word_1_79' title='bbox 792 558 1000 599; x_wconf 80' lang='lat' dir='ltr'>exercitus</span> <span class='ocrx_word' id='word_1_80' title='bbox 1032 557 1222 599; x_wconf 79' lang='lat' dir='ltr'>hostium</span> <span class='ocrx_word' id='word_1_81' title='bbox 1255 557 1299 597; x_wconf 92' lang='lat' dir='ltr'>in</span> <span class='ocrx_word' id='word_1_82' title='bbox 1332 555 1460 597; x_wconf 80' lang='lat' dir='ltr'>Italia</span> <span class='ocrx_word' id='word_1_83' title='bbox 1491 560 1621 610; x_wconf 83' lang='lat' dir='ltr'>esset3</span> <span class='ocrx_word' id='word_1_84' title='bbox 1657 572 1768 599; x_wconf 90' lang='lat' dir='ltr'>nunc</span> 
     </span>
     <span class='ocr_line' id='line_1_20' title="bbox 216 614 1768 671; baseline -0.003 -11"><span class='ocrx_word' id='word_1_85' title='bbox 216 619 297 660; x_wconf 91' lang='lat' dir='ltr'>duo</span> <span class='ocrx_word' id='word_1_86' title='bbox 336 618 450 659; x_wconf 92' lang='lat' dir='ltr'>bella</span> <span class='ocrx_word' id='word_1_87' title='bbox 488 618 650 659; x_wconf 82' lang='lat' dir='ltr'>Punica.</span> <span class='ocrx_word' id='word_1_88' title='bbox 685 617 819 671; x_wconf 83' lang='lat' dir='ltr'>facta,</span> <span class='ocrx_word' id='word_1_89' title='bbox 857 617 962 658; x_wconf 91' lang='lat' dir='ltr'>duos</span> <span class='ocrx_word' id='word_1_90' title='bbox 1001 616 1188 670; x_wconf 84' lang='lat' dir='ltr'>ingentis</span> <span class='ocrx_word' id='word_1_91' title='bbox 1227 615 1454 668; x_wconf 83' lang='lat' dir='ltr'>exercitus,</span> <span class='ocrx_word' id='word_1_92' title='bbox 1495 614 1599 656; x_wconf 91' lang='lat' dir='ltr'>duos</span> <span class='ocrx_word' id='word_1_93' title='bbox 1637 630 1768 670; x_wconf 88' lang='lat' dir='ltr'>prope</span> 
     </span>
     <span class='ocr_line' id='line_1_21' title="bbox 218 673 1770 729; baseline -0.003 -11"><span class='ocrx_word' id='word_1_94' title='bbox 218 676 482 718; x_wconf 84' lang='lat' dir='ltr'>Hannibales</span> <span class='ocrx_word' id='word_1_95' title='bbox 533 677 578 717; x_wconf 92' lang='lat' dir='ltr'>in</span> <span class='ocrx_word' id='word_1_96' title='bbox 627 676 754 717; x_wconf 82' lang='lat' dir='ltr'>Italia</span> <span class='ocrx_word' id='word_1_97' title='bbox 804 689 906 716; x_wconf 90' lang='lat' dir='ltr'>esse.</span> <span class='ocrx_word' id='word_1_98' title='bbox 987 675 1143 729; x_wconf 88' lang='lat' dir='ltr'>quippe</span> <span class='ocrx_word' id='word_1_99' title='bbox 1193 677 1236 716; x_wconf 89' lang='lat' dir='ltr'>et</span> <span class='ocrx_word' id='word_1_100' title='bbox 1284 673 1600 714; x_wconf 85' lang='lat' dir='ltr'>Hasdrubalem</span> <span class='ocrx_word' id='word_1_101' title='bbox 1649 677 1770 727; x_wconf 89' lang='lat' dir='ltr'>patre</span> 
     </span>
     <span class='ocr_line' id='line_1_22' title="bbox 216 732 1771 789; baseline -0.003 -12"><span class='ocrx_word' id='word_1_102' title='bbox 216 735 364 777; x_wconf 89' lang='lat' dir='ltr'>eodem</span> <span class='ocrx_word' id='word_1_103' title='bbox 403 734 649 777; x_wconf 86' lang='lat' dir='ltr'>Hamilcare</span> <span class='ocrx_word' id='word_1_104' title='bbox 688 734 900 789; x_wconf 83' lang='lat' dir='ltr'>genitum,</span> <span class='ocrx_word' id='word_1_105' title='bbox 945 747 1075 786; x_wconf 87' lang='lat' dir='ltr'>aeque</span> <span class='ocrx_word' id='word_1_106' title='bbox 1120 733 1333 787; x_wconf 83' lang='lat' dir='ltr'>inpigrum</span> <span class='ocrx_word' id='word_1_107' title='bbox 1379 732 1544 784; x_wconf 89' lang='lat' dir='ltr'>ducem,</span> <span class='ocrx_word' id='word_1_108' title='bbox 1587 745 1664 785; x_wconf 92' lang='lat' dir='ltr'>per</span> <span class='ocrx_word' id='word_1_109' title='bbox 1706 734 1771 773; x_wconf 81' lang='lat' dir='ltr'>tot</span> 
     </span>
     <span class='ocr_line' id='line_1_23' title="bbox 217 790 1772 848; baseline -0.003 -13"><span class='ocrx_word' id='word_1_110' title='bbox 217 808 351 835; x_wconf 90' lang='lat' dir='ltr'>annos</span> <span class='ocrx_word' id='word_1_111' title='bbox 384 794 427 834; x_wconf 91' lang='lat' dir='ltr'>in</span> <span class='ocrx_word' id='word_1_112' title='bbox 460 793 674 848; x_wconf 84' lang='lat' dir='ltr'>Hispania</span> <span class='ocrx_word' id='word_1_113' title='bbox 699 792 892 833; x_wconf 88' lang='lat' dir='ltr'>Romano</span> <span class='ocrx_word' id='word_1_114' title='bbox 925 792 1201 832; x_wconf 83' lang='lat' dir='ltr'>exercitatum</span> <span class='ocrx_word' id='word_1_115' title='bbox 1235 791 1358 844; x_wconf 90' lang='lat' dir='ltr'>bello,</span> <span class='ocrx_word' id='word_1_116' title='bbox 1390 791 1561 845; x_wconf 84' lang='lat' dir='ltr'>gemina</span> <span class='ocrx_word' id='word_1_117' title='bbox 1593 790 1772 831; x_wconf 85' lang='lat' dir='ltr'>victoria</span> 
     </span>
     <span class='ocr_line' id='line_1_24' title="bbox 215 848 1772 907; baseline -0.003 -13"><span class='ocrx_word' id='word_1_118' title='bbox 215 853 427 907; x_wconf 88' lang='lat' dir='ltr'>insignem</span> <span class='ocrx_word' id='word_1_119' title='bbox 467 853 632 893; x_wconf 88' lang='lat' dir='ltr'>duobus</span> <span class='ocrx_word' id='word_1_120' title='bbox 673 850 930 891; x_wconf 77' lang='lat' dir='ltr'>exercitibus</span> <span class='ocrx_word' id='word_1_121' title='bbox 969 863 1064 890; x_wconf 89' lang='lat' dir='ltr'>cum</span> <span class='ocrx_word' id='word_1_122' title='bbox 1103 849 1353 890; x_wconf 87' lang='lat' dir='ltr'>clarissimis</span> <span class='ocrx_word' id='word_1_123' title='bbox 1393 849 1569 890; x_wconf 88' lang='lat' dir='ltr'>ducibus</span> <span class='ocrx_word' id='word_1_124' title='bbox 1610 848 1772 890; x_wconf 88' lang='lat' dir='ltr'>deletis.</span> 
     </span>
     <span class='ocr_line' id='line_1_25' title="bbox 216 907 1770 963; baseline -0.003 -11"><span class='ocrx_word' id='word_1_125' title='bbox 216 925 316 952; x_wconf 89' lang='lat' dir='ltr'>nam</span> <span class='ocrx_word' id='word_1_126' title='bbox 354 911 519 952; x_wconf 85' lang='lat' dir='ltr'>itineris</span> <span class='ocrx_word' id='word_1_127' title='bbox 558 909 727 963; x_wconf 89' lang='lat' dir='ltr'>quidem</span> <span class='ocrx_word' id='word_1_128' title='bbox 766 908 982 950; x_wconf 84' lang='lat' dir='ltr'>celeritate</span> <span class='ocrx_word' id='word_1_129' title='bbox 1021 922 1071 948; x_wconf 80' lang='lat' dir='ltr'>ex</span> <span class='ocrx_word' id='word_1_130' title='bbox 1109 907 1322 961; x_wconf 89' lang='lat' dir='ltr'>Hispania</span> <span class='ocrx_word' id='word_1_131' title='bbox 1363 910 1404 948; x_wconf 92' lang='lat' dir='ltr'>et</span> <span class='ocrx_word' id='word_1_132' title='bbox 1448 907 1672 949; x_wconf 87' lang='lat' dir='ltr'>concitatis</span> <span class='ocrx_word' id='word_1_133' title='bbox 1717 907 1770 948; x_wconf 89' lang='lat' dir='ltr'>ad</span> 
     </span>
     <span class='ocr_line' id='line_1_26' title="bbox 217 964 1770 1023; baseline -0.003 -12"><span class='ocrx_word' id='word_1_134' title='bbox 217 984 336 1011; x_wconf 89' lang='lat' dir='ltr'>arma</span> <span class='ocrx_word' id='word_1_135' title='bbox 372 968 549 1010; x_wconf 83' lang='lat' dir='ltr'>Gallicis</span> <span class='ocrx_word' id='word_1_136' title='bbox 584 967 784 1023; x_wconf 79' lang='lat' dir='ltr'>gentibus</span> <span class='ocrx_word' id='word_1_137' title='bbox 817 967 952 1008; x_wconf 87' lang='lat' dir='ltr'>multo</span> <span class='ocrx_word' id='word_1_138' title='bbox 984 967 1122 1021; x_wconf 82' lang='lat' dir='ltr'>magis</span> <span class='ocrx_word' id='word_1_139' title='bbox 1157 981 1283 1020; x_wconf 89' lang='lat' dir='ltr'>quam</span> <span class='ocrx_word' id='word_1_140' title='bbox 1309 964 1598 1007; x_wconf 87' lang='lat' dir='ltr'>Hannibalem</span> <span class='ocrx_word' id='word_1_141' title='bbox 1630 966 1770 1019; x_wconf 86' lang='lat' dir='ltr'>ipsum</span> 
     </span>
     <span class='ocr_line' id='line_1_27' title="bbox 219 1024 1773 1082; baseline -0.003 -14"><span class='ocrx_word' id='word_1_142' title='bbox 219 1028 395 1082; x_wconf 84' lang='lat' dir='ltr'>gloriari</span> <span class='ocrx_word' id='word_1_143' title='bbox 433 1041 578 1080; x_wconf 87' lang='lat' dir='ltr'>posse:</span> <span class='ocrx_word' id='word_1_144' title='bbox 626 1027 781 1080; x_wconf 89' lang='lat' dir='ltr'>quippe</span> <span class='ocrx_word' id='word_1_145' title='bbox 822 1026 866 1066; x_wconf 92' lang='lat' dir='ltr'>in</span> <span class='ocrx_word' id='word_1_146' title='bbox 904 1025 956 1066; x_wconf 89' lang='lat' dir='ltr'>iis</span> <span class='ocrx_word' id='word_1_147' title='bbox 995 1025 1101 1066; x_wconf 91' lang='lat' dir='ltr'>locis</span> <span class='ocrx_word' id='word_1_148' title='bbox 1139 1024 1251 1065; x_wconf 89' lang='lat' dir='ltr'>hunc</span> <span class='ocrx_word' id='word_1_149' title='bbox 1296 1024 1485 1078; x_wconf 84' lang='lat' dir='ltr'>coegisse</span> <span class='ocrx_word' id='word_1_150' title='bbox 1529 1025 1773 1077; x_wconf 82' lang='lat' dir='ltr'>exercitum,</span> 
     </span>
     <span class='ocr_line' id='line_1_28' title="bbox 219 1082 1772 1140; baseline -0.003 -13"><span class='ocrx_word' id='word_1_151' title='bbox 219 1086 372 1140; x_wconf 86' lang='lat' dir='ltr'>quibus</span> <span class='ocrx_word' id='word_1_152' title='bbox 410 1086 481 1127; x_wconf 89' lang='lat' dir='ltr'>ille</span> <span class='ocrx_word' id='word_1_153' title='bbox 521 1085 727 1126; x_wconf 85' lang='lat' dir='ltr'>maiorem</span> <span class='ocrx_word' id='word_1_154' title='bbox 764 1087 933 1138; x_wconf 86' lang='lat' dir='ltr'>partem</span> <span class='ocrx_word' id='word_1_155' title='bbox 971 1083 1159 1124; x_wconf 88' lang='lat' dir='ltr'>militum</span> <span class='ocrx_word' id='word_1_156' title='bbox 1197 1083 1309 1123; x_wconf 87' lang='lat' dir='ltr'>fame</span> <span class='ocrx_word' id='word_1_157' title='bbox 1352 1096 1399 1123; x_wconf 85' lang='lat' dir='ltr'>ac</span> <span class='ocrx_word' id='word_1_158' title='bbox 1443 1082 1621 1136; x_wconf 86' lang='lat' dir='ltr'>frigore,</span> <span class='ocrx_word' id='word_1_159' title='bbox 1665 1096 1772 1137; x_wconf 89' lang='lat' dir='ltr'>quae</span> 
     </span>
     <span class='ocr_line' id='line_1_29' title="bbox 221 1140 1773 1198; baseline -0.003 -12"><span class='ocrx_word' id='word_1_160' title='bbox 221 1144 462 1186; x_wconf 88' lang='lat' dir='ltr'>miserrima</span> <span class='ocrx_word' id='word_1_161' title='bbox 504 1144 656 1185; x_wconf 87' lang='lat' dir='ltr'>mortis</span> <span class='ocrx_word' id='word_1_162' title='bbox 700 1157 858 1198; x_wconf 85' lang='lat' dir='ltr'>genera</span> <span class='ocrx_word' id='word_1_163' title='bbox 901 1142 1005 1196; x_wconf 87' lang='lat' dir='ltr'>sint,</span> <span class='ocrx_word' id='word_1_164' title='bbox 1056 1142 1280 1183; x_wconf 81' lang='lat' dir='ltr'>amisisset.</span> <span class='ocrx_word' id='word_1_165' title='bbox 1355 1140 1596 1182; x_wconf 78' lang='lat' dir='ltr'>adiciebant</span> <span class='ocrx_word' id='word_1_166' title='bbox 1644 1141 1773 1181; x_wconf 86' lang='lat' dir='ltr'>etiam</span> 
     </span>
     <span class='ocr_line' id='line_1_30' title="bbox 217 1197 1772 1258; baseline -0.003 -14"><span class='ocrx_word' id='word_1_167' title='bbox 217 1203 347 1258; x_wconf 86' lang='lat' dir='ltr'>periti</span> <span class='ocrx_word' id='word_1_168' title='bbox 380 1217 522 1244; x_wconf 85' lang='lat' dir='ltr'>rerum</span> <span class='ocrx_word' id='word_1_169' title='bbox 549 1202 800 1256; x_wconf 84' lang='lat' dir='ltr'>Hispaniae,</span> <span class='ocrx_word' id='word_1_170' title='bbox 831 1201 947 1242; x_wconf 86' lang='lat' dir='ltr'>haud</span> <span class='ocrx_word' id='word_1_171' title='bbox 978 1215 1073 1243; x_wconf 91' lang='lat' dir='ltr'>cum</span> <span class='ocrx_word' id='word_1_172' title='bbox 1105 1201 1253 1255; x_wconf 86' lang='lat' dir='ltr'>ignoto</span> <span class='ocrx_word' id='word_1_173' title='bbox 1287 1214 1381 1241; x_wconf 88' lang='lat' dir='ltr'>eum</span> <span class='ocrx_word' id='word_1_174' title='bbox 1409 1199 1512 1240; x_wconf 90' lang='lat' dir='ltr'>duce</span> <span class='ocrx_word' id='word_1_175' title='bbox 1540 1197 1583 1240; x_wconf 87' lang='lat' dir='ltr'>C.</span> <span class='ocrx_word' id='word_1_176' title='bbox 1603 1197 1772 1240; x_wconf 89' lang='lat' dir='ltr'>Nerone</span> 
     </span>
     <span class='ocr_line' id='line_1_31' title="bbox 218 1257 1774 1315; baseline -0.003 -12"><span class='ocrx_word' id='word_1_177' title='bbox 218 1275 562 1315; x_wconf 84' lang='lat' dir='ltr'>congressurum,</span> <span class='ocrx_word' id='word_1_178' title='bbox 611 1261 683 1302; x_wconf 86' lang='lat' dir='ltr'>sed</span> <span class='ocrx_word' id='word_1_179' title='bbox 736 1275 861 1315; x_wconf 85' lang='lat' dir='ltr'>quem</span> <span class='ocrx_word' id='word_1_180' title='bbox 904 1260 948 1300; x_wconf 91' lang='lat' dir='ltr'>in</span> <span class='ocrx_word' id='word_1_181' title='bbox 987 1259 1099 1301; x_wconf 84' lang='lat' dir='ltr'>saltu</span> <span class='ocrx_word' id='word_1_182' title='bbox 1137 1257 1343 1314; x_wconf 84' lang='lat' dir='ltr'>impedito</span> <span class='ocrx_word' id='word_1_183' title='bbox 1388 1258 1620 1311; x_wconf 87' lang='lat' dir='ltr'>deprensus</span> <span class='ocrx_word' id='word_1_184' title='bbox 1662 1257 1774 1299; x_wconf 90' lang='lat' dir='ltr'>forte</span> 
     </span>
     <span class='ocr_line' id='line_1_32' title="bbox 216 1315 1771 1374; baseline -0.003 -13"><span class='ocrx_word' id='word_1_185' title='bbox 216 1319 332 1361; x_wconf 89' lang='lat' dir='ltr'>haud</span> <span class='ocrx_word' id='word_1_186' title='bbox 366 1334 486 1361; x_wconf 89' lang='lat' dir='ltr'>secus</span> <span class='ocrx_word' id='word_1_187' title='bbox 519 1334 645 1374; x_wconf 89' lang='lat' dir='ltr'>quam</span> <span class='ocrx_word' id='word_1_188' title='bbox 678 1334 857 1373; x_wconf 89' lang='lat' dir='ltr'>puerum</span> <span class='ocrx_word' id='word_1_189' title='bbox 891 1318 1208 1360; x_wconf 80' lang='lat' dir='ltr'>conscribendis</span> <span class='ocrx_word' id='word_1_190' title='bbox 1245 1316 1473 1358; x_wconf 87' lang='lat' dir='ltr'>fallacibus</span> <span class='ocrx_word' id='word_1_191' title='bbox 1512 1315 1771 1357; x_wconf 86' lang='lat' dir='ltr'>condicioni-</span> 
     </span>
     <span class='ocr_line' id='line_1_33' title="bbox 214 1375 1770 1432; baseline -0.004 -12"><span class='ocrx_word' id='word_1_192' title='bbox 214 1379 294 1420; x_wconf 88' lang='lat' dir='ltr'>bus</span> <span class='ocrx_word' id='word_1_193' title='bbox 340 1379 459 1432; x_wconf 91' lang='lat' dir='ltr'>pacis</span> <span class='ocrx_word' id='word_1_194' title='bbox 511 1378 742 1419; x_wconf 88' lang='lat' dir='ltr'>frustratus</span> <span class='ocrx_word' id='word_1_195' title='bbox 796 1378 1006 1419; x_wconf 89' lang='lat' dir='ltr'>elusisset.</span> <span class='ocrx_word' id='word_1_196' title='bbox 1081 1376 1226 1418; x_wconf 87' lang='lat' dir='ltr'>omnia</span> <span class='ocrx_word' id='word_1_197' title='bbox 1275 1375 1440 1417; x_wconf 89' lang='lat' dir='ltr'>maiora</span> <span class='ocrx_word' id='word_1_198' title='bbox 1490 1375 1619 1416; x_wconf 86' lang='lat' dir='ltr'>etiam</span> <span class='ocrx_word' id='word_1_199' title='bbox 1669 1388 1770 1415; x_wconf 86' lang='lat' dir='ltr'>vero</span> 
     </span>
     <span class='ocr_line' id='line_1_34' title="bbox 215 1432 1772 1492; baseline -0.003 -14"><span class='ocrx_word' id='word_1_200' title='bbox 215 1437 429 1492; x_wconf 89' lang='lat' dir='ltr'>praesidia</span> <span class='ocrx_word' id='word_1_201' title='bbox 453 1436 656 1490; x_wconf 88' lang='lat' dir='ltr'>hostium,</span> <span class='ocrx_word' id='word_1_202' title='bbox 682 1437 851 1478; x_wconf 88' lang='lat' dir='ltr'>minora</span> <span class='ocrx_word' id='word_1_203' title='bbox 878 1450 965 1488; x_wconf 85' lang='lat' dir='ltr'>sua,</span> <span class='ocrx_word' id='word_1_204' title='bbox 991 1438 1107 1477; x_wconf 81' lang='lat' dir='ltr'>metu</span> <span class='ocrx_word' id='word_1_205' title='bbox 1133 1436 1366 1488; x_wconf 77' lang='lat' dir='ltr'>interprete</span> <span class='ocrx_word' id='word_1_206' title='bbox 1395 1447 1561 1487; x_wconf 87' lang='lat' dir='ltr'>semper</span> <span class='ocrx_word' id='word_1_207' title='bbox 1588 1434 1631 1474; x_wconf 86' lang='lat' dir='ltr'>in</span> <span class='ocrx_word' id='word_1_208' title='bbox 1659 1432 1772 1474; x_wconf 89' lang='lat' dir='ltr'>dete-</span> 
     </span>
     <span class='ocr_line' id='line_1_35' title="bbox 216 1495 840 1549; baseline -0.002 -12"><span class='ocrx_word' id='word_1_209' title='bbox 216 1496 330 1538; x_wconf 87' lang='lat' dir='ltr'>riora</span> <span class='ocrx_word' id='word_1_210' title='bbox 361 1495 585 1549; x_wconf 87' lang='lat' dir='ltr'>inclinato,</span> <span class='ocrx_word' id='word_1_211' title='bbox 618 1495 840 1536; x_wconf 85' lang='lat' dir='ltr'>ducebant.</span> 
     </span>
    </p>

    <p class='ocr_par' dir='ltr' id='par_1_13' title="bbox 216 1549 1774 1785">
     <span class='ocr_line' id='line_1_36' title="bbox 334 1549 1773 1609; baseline -0.003 -14"><span class='ocrx_word' id='word_1_212' title='bbox 334 1553 450 1595; x_wconf 86' lang='lat' dir='ltr'>Nero</span> <span class='ocrx_word' id='word_1_213' title='bbox 482 1557 719 1609; x_wconf 33' lang='lat' dir='ltr'>..postquam</span> <span class='ocrx_word' id='word_1_214' title='bbox 752 1555 837 1594; x_wconf 87' lang='lat' dir='ltr'>iam</span> <span class='ocrx_word' id='word_1_215' title='bbox 881 1555 1051 1594; x_wconf 86' lang='lat' dir='ltr'>tantum</span> <span class='ocrx_word' id='word_1_216' title='bbox 1090 1551 1304 1593; x_wconf 79' lang='lat' dir='ltr'>intervalli</span> <span class='ocrx_word' id='word_1_217' title='bbox 1344 1551 1396 1592; x_wconf 90' lang='lat' dir='ltr'>ab</span> <span class='ocrx_word' id='word_1_218' title='bbox 1437 1550 1560 1591; x_wconf 86' lang='lat' dir='ltr'>hoste</span> <span class='ocrx_word' id='word_1_219' title='bbox 1601 1549 1773 1601; x_wconf 88' lang='lat' dir='ltr'>fecerat,</span> 
     </span>
     <span class='ocr_line' id='line_1_37' title="bbox 217 1608 1774 1667; baseline -0.004 -13"><span class='ocrx_word' id='word_1_220' title='bbox 217 1615 265 1654; x_wconf 87' lang='lat' dir='ltr'>ut</span> <span class='ocrx_word' id='word_1_221' title='bbox 289 1612 431 1667; x_wconf 84' lang='lat' dir='ltr'>detegi</span> <span class='ocrx_word' id='word_1_222' title='bbox 459 1613 683 1654; x_wconf 89' lang='lat' dir='ltr'>consilium</span> <span class='ocrx_word' id='word_1_223' title='bbox 711 1613 815 1653; x_wconf 85' lang='lat' dir='ltr'>satis</span> <span class='ocrx_word' id='word_1_224' title='bbox 840 1613 983 1653; x_wconf 89' lang='lat' dir='ltr'>tutum</span> <span class='ocrx_word' id='word_1_225' title='bbox 1012 1613 1136 1664; x_wconf 87' lang='lat' dir='ltr'>esset,</span> <span class='ocrx_word' id='word_1_226' title='bbox 1168 1610 1316 1664; x_wconf 84' lang='lat' dir='ltr'>paucis</span> <span class='ocrx_word' id='word_1_227' title='bbox 1343 1609 1499 1650; x_wconf 85' lang='lat' dir='ltr'>milites</span> <span class='ocrx_word' id='word_1_228' title='bbox 1527 1608 1774 1662; x_wconf 84' lang='lat' dir='ltr'>alloquitur.</span> 
     </span>
     <span class='ocr_line' id='line_1_38' title="bbox 217 1667 1774 1726; baseline -0.003 -14"><span class='ocrx_word' id='word_1_229' title='bbox 217 1673 348 1726; x_wconf 83' lang='lat' dir='ltr'>negat</span> <span class='ocrx_word' id='word_1_230' title='bbox 373 1671 499 1712; x_wconf 91' lang='lat' dir='ltr'>ullius</span> <span class='ocrx_word' id='word_1_231' title='bbox 528 1671 752 1713; x_wconf 89' lang='lat' dir='ltr'>consilium</span> <span class='ocrx_word' id='word_1_232' title='bbox 779 1669 1052 1725; x_wconf 86' lang='lat' dir='ltr'>imperatoris</span> <span class='ocrx_word' id='word_1_233' title='bbox 1079 1669 1125 1710; x_wconf 93' lang='lat' dir='ltr'>in</span> <span class='ocrx_word' id='word_1_234' title='bbox 1152 1669 1337 1723; x_wconf 87' lang='lat' dir='ltr'>speciem</span> <span class='ocrx_word' id='word_1_235' title='bbox 1364 1667 1577 1720; x_wconf 87' lang='lat' dir='ltr'>audacius,</span> <span class='ocrx_word' id='word_1_236' title='bbox 1608 1682 1652 1708; x_wconf 92' lang='lat' dir='ltr'>re</span> <span class='ocrx_word' id='word_1_237' title='bbox 1679 1667 1774 1721; x_wconf 86' lang='lat' dir='ltr'>ipsa</span> 
     </span>
     <span class='ocr_line' id='line_1_39' title="bbox 216 1725 1771 1785; baseline -0.004 -14"><span class='ocrx_word' id='word_1_238' title='bbox 216 1730 352 1771; x_wconf 87' lang='lat' dir='ltr'>tutius</span> <span class='ocrx_word' id='word_1_239' title='bbox 384 1729 517 1771; x_wconf 84' lang='lat' dir='ltr'>fuisse</span> <span class='ocrx_word' id='word_1_240' title='bbox 550 1744 678 1785; x_wconf 89' lang='lat' dir='ltr'>quam</span> <span class='ocrx_word' id='word_1_241' title='bbox 712 1744 849 1770; x_wconf 85' lang='lat' dir='ltr'>suum.</span> <span class='ocrx_word' id='word_1_242' title='bbox 901 1728 954 1770; x_wconf 89' lang='lat' dir='ltr'>ad</span> <span class='ocrx_word' id='word_1_243' title='bbox 987 1730 1146 1770; x_wconf 88' lang='lat' dir='ltr'>certam</span> <span class='ocrx_word' id='word_1_244' title='bbox 1179 1741 1250 1768; x_wconf 89' lang='lat' dir='ltr'>eos</span> <span class='ocrx_word' id='word_1_245' title='bbox 1285 1741 1327 1767; x_wconf 87' lang='lat' dir='ltr'>se</span> <span class='ocrx_word' id='word_1_246' title='bbox 1355 1726 1578 1768; x_wconf 83' lang='lat' dir='ltr'>victoriam</span> <span class='ocrx_word' id='word_1_247' title='bbox 1604 1725 1771 1766; x_wconf 89' lang='lat' dir='ltr'>ducere:</span> 
     </span>
    </p>
   </div>
   <div class='ocr_carea' id='block_1_13' title="bbox 1030 1863 1777 2239">
    <p class='ocr_par' dir='ltr' id='par_1_14' title="bbox 1030 1863 1774 1995">
     <span class='ocr_line' id='line_1_40' title="bbox 1079 1863 1772 1911; baseline -0.004 -11"><span class='ocrx_word' id='word_1_248' title='bbox 1079 1865 1358 1911; x_wconf 81' lang='lat' dir='ltr'>conscribendis]</span> <span class='ocrx_word' id='word_1_249' title='bbox 1369 1863 1772 1908; x_wconf 82' lang='lat' dir='ltr'>‚,zusammenstellen“.</span> 
     </span>
     <span class='ocr_line' id='line_1_41' title="bbox 1031 1912 1774 1958; baseline -0.004 -10"><span class='ocrx_word' id='word_1_250' title='bbox 1031 1913 1104 1958; x_wconf 87' lang='lat' dir='ltr'>vgl.</span> <span class='ocrx_word' id='word_1_251' title='bbox 1126 1912 1184 1957; x_wconf 81' lang='lat'>26,</span> <span class='ocrx_word' id='word_1_252' title='bbox 1209 1916 1262 1954; x_wconf 87' lang='grc'>17,</span> <span class='ocrx_word' id='word_1_253' title='bbox 1284 1916 1314 1949; x_wconf 89' lang='grc'>6.</span> <span class='ocrx_word' id='word_1_254' title='bbox 1349 1916 1388 1947; x_wconf 83' lang='lat' dir='ltr'>ut</span> <span class='ocrx_word' id='word_1_255' title='bbox 1414 1923 1532 1947; x_wconf 84' lang='lat' dir='ltr'>coram</span> <span class='ocrx_word' id='word_1_256' title='bbox 1559 1912 1647 1955; x_wconf 74' lang='lat' dir='ltr'>leqes</span> <span class='ocrx_word' id='word_1_257' title='bbox 1673 1921 1774 1946; x_wconf 81' lang='lat' dir='ltr'>con--</span> 
     </span>
     <span class='ocr_line' id='line_1_42' title="bbox 1030 1961 1280 1995; baseline -0.008 0"><span class='ocrx_word' id='word_1_258' title='bbox 1030 1961 1280 1995; x_wconf 76' lang='lat' dir='ltr'>scriberentur.</span> 
     </span>
    </p>

    <p class='ocr_par' dir='ltr' id='par_1_15' title="bbox 1031 2002 1777 2182">
     <span class='ocr_line' id='line_1_43' title="bbox 1078 2002 1777 2052; baseline -0.006 -10"><span class='ocrx_word' id='word_1_259' title='bbox 1078 2006 1294 2052; x_wconf 79' lang='lat' dir='ltr'>frustratus]</span> <span class='ocrx_word' id='word_1_260' title='bbox 1322 2004 1545 2050; x_wconf 69' lang='lat' dir='ltr'>„getauscht</span> <span class='ocrx_word' id='word_1_261' title='bbox 1570 2003 1645 2039; x_wconf 85' lang='lat' dir='ltr'>und</span> <span class='ocrx_word' id='word_1_262' title='bbox 1665 2002 1777 2039; x_wconf 84' lang='lat' dir='ltr'>somit</span> 
     </span>
     <span class='ocr_line' id='line_1_44' title="bbox 1033 2049 1777 2098; baseline -0.005 -10"><span class='ocrx_word' id='word_1_263' title='bbox 1033 2054 1263 2098; x_wconf 72' lang='lat' dir='ltr'>angefiihrt“.</span> <span class='ocrx_word' id='word_1_264' title='bbox 1321 2052 1390 2087; x_wconf 89' lang='lat' dir='ltr'>Zur</span> <span class='ocrx_word' id='word_1_265' title='bbox 1429 2051 1671 2095; x_wconf 85' lang='lat' dir='ltr'>Verbindung</span> <span class='ocrx_word' id='word_1_266' title='bbox 1707 2049 1777 2085; x_wconf 86' lang='lat' dir='ltr'>mit</span> 
     </span>
     <span class='ocr_line' id='line_1_45' title="bbox 1031 2098 1773 2142; baseline -0.005 -7"><span class='ocrx_word' id='word_1_267' title='bbox 1031 2102 1228 2135; x_wconf 75' lang='lat' dir='ltr'>elussisset:</span> <span class='ocrx_word' id='word_1_268' title='bbox 1269 2111 1298 2135; x_wconf 91' lang='lat' dir='ltr'>c.</span> <span class='ocrx_word' id='word_1_269' title='bbox 1325 2103 1381 2142; x_wconf 87' lang='lat'>47,</span> <span class='ocrx_word' id='word_1_270' title='bbox 1412 2103 1431 2133; x_wconf 89' lang='grc'>6</span> <span class='ocrx_word' id='word_1_271' title='bbox 1465 2102 1588 2134; x_wconf 85' lang='lat' dir='ltr'>tantae</span> <span class='ocrx_word' id='word_1_272' title='bbox 1619 2099 1672 2133; x_wconf 81' lang='lat' dir='ltr'>rei</span> <span class='ocrx_word' id='word_1_273' title='bbox 1695 2098 1773 2140; x_wconf 79' lang='lat' dir='ltr'>sru-</span> 
     </span>
     <span class='ocr_line' id='line_1_46' title="bbox 1035 2146 1657 2182; baseline -0.003 0"><span class='ocrx_word' id='word_1_274' title='bbox 1035 2149 1210 2182; x_wconf 81' lang='lat' dir='ltr'>stratione</span> <span class='ocrx_word' id='word_1_275' title='bbox 1235 2146 1484 2181; x_wconf 82' lang='lat' dir='ltr'>Hannibalem</span> <span class='ocrx_word' id='word_1_276' title='bbox 1509 2146 1657 2180; x_wconf 82' lang='lat' dir='ltr'>elusum.</span> 
     </span>
    </p>

    <p class='ocr_par' dir='ltr' id='par_1_16' title="bbox 1086 2191 1703 2239">
     <span class='ocr_line' id='line_1_47' title="bbox 1086 2191 1703 2239; baseline -0.008 -10"><span class='ocrx_word' id='word_1_277' title='bbox 1086 2198 1139 2229; x_wconf 92' lang='lat'>10.</span> <span class='ocrx_word' id='word_1_278' title='bbox 1171 2193 1381 2239; x_wconf 76' lang='lat' dir='ltr'>praesidia]</span> <span class='ocrx_word' id='word_1_279' title='bbox 1409 2191 1703 2236; x_wconf 55' lang='lat' dir='ltr'>„Streitkr&#39;afte‘fi</span> 
     </span>
    </p>
   </div>
   <div class='ocr_carea' id='block_1_14' title="bbox 215 1868 962 2276">
    <p class='ocr_par' dir='ltr' id='par_1_17' title="bbox 215 1868 958 2006">
     <span class='ocr_line' id='line_1_48' title="bbox 262 1868 958 1914; baseline -0.001 -12"><span class='ocrx_word' id='word_1_280' title='bbox 262 1871 295 1902; x_wconf 87' lang='grc'>4.</span> <span class='ocrx_word' id='word_1_281' title='bbox 328 1868 361 1903; x_wconf 83' lang='lat' dir='ltr'>si</span> <span class='ocrx_word' id='word_1_282' title='bbox 379 1868 419 1902; x_wconf 86' lang='lat' dir='ltr'>id</span> <span class='ocrx_word' id='word_1_283' title='bbox 434 1868 561 1912; x_wconf 80' lang='lat' dir='ltr'>palam</span> <span class='ocrx_word' id='word_1_284' title='bbox 580 1868 661 1914; x_wconf 73' lang='lat' dir='ltr'>fiat]</span> <span class='ocrx_word' id='word_1_285' title='bbox 690 1878 819 1911; x_wconf 75' lang='lat' dir='ltr'>„wenn</span> <span class='ocrx_word' id='word_1_286' title='bbox 840 1879 878 1902; x_wconf 88' lang='lat' dir='ltr'>es</span> <span class='ocrx_word' id='word_1_287' title='bbox 897 1868 958 1902; x_wconf 91' lang='lat' dir='ltr'>be-</span> 
     </span>
     <span class='ocr_line' id='line_1_49' title="bbox 215 1914 958 1958; baseline 0 -10"><span class='ocrx_word' id='word_1_288' title='bbox 215 1914 333 1949; x_wconf 86' lang='lat' dir='ltr'>kannt</span> <span class='ocrx_word' id='word_1_289' title='bbox 369 1915 536 1958; x_wconf 77' lang='lat' dir='ltr'>wfirde“;</span> <span class='ocrx_word' id='word_1_290' title='bbox 580 1914 817 1949; x_wconf 81' lang='lat' dir='ltr'>formelhafte</span> <span class='ocrx_word' id='word_1_291' title='bbox 854 1914 958 1949; x_wconf 88' lang='lat' dir='ltr'>livia-</span> 
     </span>
     <span class='ocr_line' id='line_1_50' title="bbox 218 1961 579 2006; baseline 0.006 -11"><span class='ocrx_word' id='word_1_292' title='bbox 218 1961 343 1995; x_wconf 84' lang='lat' dir='ltr'>nische</span> <span class='ocrx_word' id='word_1_293' title='bbox 370 1961 579 2006; x_wconf 70' lang='lat' dir='ltr'>VVendung.</span> 
     </span>
    </p>

    <p class='ocr_par' dir='ltr' id='par_1_18' title="bbox 218 2008 959 2146">
     <span class='ocr_line' id='line_1_51' title="bbox 261 2008 959 2054; baseline 0 -12"><span class='ocrx_word' id='word_1_294' title='bbox 261 2009 420 2052; x_wconf 82' lang='lat' dir='ltr'>praedae</span> <span class='ocrx_word' id='word_1_295' title='bbox 494 2009 636 2054; x_wconf 82' lang='lat' dir='ltr'>relicta]</span> <span class='ocrx_word' id='word_1_296' title='bbox 711 2008 821 2043; x_wconf 85' lang='lat' dir='ltr'>Dativ</span> <span class='ocrx_word' id='word_1_297' title='bbox 895 2008 959 2043; x_wconf 85' lang='lat' dir='ltr'>des</span> 
     </span>
     <span class='ocr_line' id='line_1_52' title="bbox 218 2055 957 2099; baseline 0 -10"><span class='ocrx_word' id='word_1_298' title='bbox 218 2055 406 2097; x_wconf 80' lang='lat' dir='ltr'>Zweckes,</span> <span class='ocrx_word' id='word_1_299' title='bbox 439 2055 508 2090; x_wconf 86' lang='lat' dir='ltr'>wie</span> <span class='ocrx_word' id='word_1_300' title='bbox 540 2056 577 2089; x_wconf 87' lang='lat' dir='ltr'>in</span> <span class='ocrx_word' id='word_1_301' title='bbox 603 2056 766 2099; x_wconf 77' lang='lat' dir='ltr'>praedae</span> <span class='ocrx_word' id='word_1_302' title='bbox 797 2055 884 2089; x_wconf 89' lang='lat' dir='ltr'>dare</span> <span class='ocrx_word' id='word_1_303' title='bbox 913 2071 957 2083; x_wconf 89' lang='lat'><strong><em>=</em></strong></span> 
     </span>
     <span class='ocr_line' id='line_1_53' title="bbox 218 2101 822 2146; baseline 0.002 -11"><span class='ocrx_word' id='word_1_304' title='bbox 218 2101 282 2136; x_wconf 92' lang='lat' dir='ltr'>der</span> <span class='ocrx_word' id='word_1_305' title='bbox 308 2101 545 2146; x_wconf 72' lang='lat' dir='ltr'>Pliinderung</span> <span class='ocrx_word' id='word_1_306' title='bbox 569 2103 667 2146; x_wconf 87' lang='lat' dir='ltr'>preis</span> <span class='ocrx_word' id='word_1_307' title='bbox 692 2102 822 2146; x_wconf 88' lang='lat' dir='ltr'>geben.</span> 
     </span>
    </p>

    <p class='ocr_par' dir='ltr' id='par_1_19' title="bbox 217 2148 962 2276">
     <span class='ocr_line' id='line_1_54' title="bbox 266 2148 962 2194; baseline -0.001 -11"><span class='ocrx_word' id='word_1_308' title='bbox 266 2152 296 2183; x_wconf 86' lang='grc'>6.</span> <span class='ocrx_word' id='word_1_309' title='bbox 335 2149 517 2193; x_wconf 73' lang='lat' dir='ltr'>qeminata</span> <span class='ocrx_word' id='word_1_310' title='bbox 540 2149 705 2194; x_wconf 82' lang='lat' dir='ltr'>victoria]</span> <span class='ocrx_word' id='word_1_311' title='bbox 735 2149 793 2183; x_wconf 86' lang='lat' dir='ltr'>die</span> <span class='ocrx_word' id='word_1_312' title='bbox 808 2148 962 2183; x_wconf 84' lang='lat' dir='ltr'>Nieder-</span> 
     </span>
     <span class='ocr_line' id='line_1_55' title="bbox 217 2195 961 2276; baseline 0 -47"><span class='ocrx_word' id='word_1_313' title='bbox 217 2195 318 2276; x_wconf 57' lang='lat' dir='ltr'>lag}</span> <span class='ocrx_word' id='word_1_314' title='bbox 353 2195 417 2229; x_wconf 89' lang='lat' dir='ltr'>der</span> <span class='ocrx_word' id='word_1_315' title='bbox 461 2195 595 2231; x_wconf 88' lang='lat' dir='ltr'>beiden</span> <span class='ocrx_word' id='word_1_316' title='bbox 635 2195 843 2240; x_wconf 86' lang='lat' dir='ltr'>Scipionen.</span> <span class='ocrx_word' id='word_1_317' title='bbox 901 2195 961 2239; x_wconf 77' lang='lat'>25,</span> 
     </span>
    </p>
   </div>
   <div class='ocr_carea' id='block_1_15' title="bbox 217 2289 961 2896">
    <p class='ocr_par' dir='ltr' id='par_1_20' title="bbox 218 2289 960 2426">
     <span class='ocr_line' id='line_1_56' title="bbox 266 2289 960 2335; baseline 0.001 -12"><span class='ocrx_word' id='word_1_318' title='bbox 266 2293 296 2323; x_wconf 89' lang='lat'>8.</span> <span class='ocrx_word' id='word_1_319' title='bbox 336 2291 431 2331; x_wconf 75' lang='lat' dir='ltr'>fame</span> <span class='ocrx_word' id='word_1_320' title='bbox 468 2299 512 2323; x_wconf 87' lang='lat' dir='ltr'>ac</span> <span class='ocrx_word' id='word_1_321' title='bbox 547 2289 700 2335; x_wconf 74' lang='lat' dir='ltr'>friyore]</span> <span class='ocrx_word' id='word_1_322' title='bbox 738 2289 798 2330; x_wconf 91' lang='grc'>21,</span> <span class='ocrx_word' id='word_1_323' title='bbox 824 2293 881 2332; x_wconf 89' lang='grc'>41,</span> <span class='ocrx_word' id='word_1_324' title='bbox 907 2293 960 2324; x_wconf 91' lang='grc'>11.</span> 
     </span>
     <span class='ocr_line' id='line_1_57' title="bbox 218 2335 960 2379; baseline 0.003 -10"><span class='ocrx_word' id='word_1_325' title='bbox 218 2335 345 2370; x_wconf 81' lang='lat' dir='ltr'>ultimo</span> <span class='ocrx_word' id='word_1_326' title='bbox 367 2336 547 2379; x_wconf 78' lang='lat' dir='ltr'>supplicio</span> <span class='ocrx_word' id='word_1_327' title='bbox 567 2356 609 2361; x_wconf 91' lang='lat'>—</span> <span class='ocrx_word' id='word_1_328' title='bbox 630 2337 726 2378; x_wconf 79' lang='lat' dir='ltr'>fame</span> <span class='ocrx_word' id='word_1_329' title='bbox 744 2337 960 2378; x_wconf 73' lang='lat' dir='ltr'>interficere3</span> 
     </span>
     <span class='ocr_line' id='line_1_58' title="bbox 222 2383 875 2426; baseline 0.002 -10"><span class='ocrx_word' id='word_1_330' title='bbox 222 2392 250 2416; x_wconf 92' lang='lat' dir='ltr'>c.</span> <span class='ocrx_word' id='word_1_331' title='bbox 273 2385 330 2426; x_wconf 85' lang='lat'>40,</span> <span class='ocrx_word' id='word_1_332' title='bbox 351 2386 381 2416; x_wconf 87' lang='lat'>9.</span> <span class='ocrx_word' id='word_1_333' title='bbox 408 2383 503 2424; x_wconf 80' lang='lat' dir='ltr'>fame</span> <span class='ocrx_word' id='word_1_334' title='bbox 521 2383 657 2426; x_wconf 78' lang='lat' dir='ltr'>friyore</span> <span class='ocrx_word' id='word_1_335' title='bbox 684 2404 725 2408; x_wconf 94' lang='lat'>—</span> <span class='ocrx_word' id='word_1_336' title='bbox 753 2384 875 2418; x_wconf 78' lang='lat' dir='ltr'>enecti.</span> 
     </span>
    </p>

    <p class='ocr_par' dir='ltr' id='par_1_21' title="bbox 217 2429 961 2754">
     <span class='ocr_line' id='line_1_59' title="bbox 265 2429 961 2475; baseline 0.001 -12"><span class='ocrx_word' id='word_1_337' title='bbox 265 2433 296 2463; x_wconf 83' lang='lat'>9.</span> <span class='ocrx_word' id='word_1_338' title='bbox 335 2430 436 2464; x_wconf 84' lang='lat' dir='ltr'>haud</span> <span class='ocrx_word' id='word_1_339' title='bbox 459 2440 540 2464; x_wconf 82' lang='lat' dir='ltr'>cum</span> <span class='ocrx_word' id='word_1_340' title='bbox 563 2429 700 2475; x_wconf 74' lang='lat' dir='ltr'>iynoto]</span> <span class='ocrx_word' id='word_1_341' title='bbox 729 2429 806 2465; x_wconf 88' lang='lat' dir='ltr'>Liv.</span> <span class='ocrx_word' id='word_1_342' title='bbox 834 2431 961 2464; x_wconf 86' lang='lat' dir='ltr'>trennt</span> 
     </span>
     <span class='ocr_line' id='line_1_60' title="bbox 217 2475 960 2511; baseline 0 -1"><span class='ocrx_word' id='word_1_343' title='bbox 217 2475 317 2510; x_wconf 79' lang='lat' dir='ltr'>haud</span> <span class='ocrx_word' id='word_1_344' title='bbox 355 2475 459 2510; x_wconf 89' lang='lat' dir='ltr'>nicht</span> <span class='ocrx_word' id='word_1_345' title='bbox 497 2477 614 2511; x_wconf 86' lang='lat' dir='ltr'>selten</span> <span class='ocrx_word' id='word_1_346' title='bbox 650 2489 723 2510; x_wconf 90' lang='lat' dir='ltr'>von</span> <span class='ocrx_word' id='word_1_347' title='bbox 761 2477 844 2511; x_wconf 87' lang='lat' dir='ltr'>dem</span> <span class='ocrx_word' id='word_1_348' title='bbox 882 2487 960 2511; x_wconf 86' lang='lat' dir='ltr'>ver-</span> 
     </span>
     <span class='ocr_line' id='line_1_61' title="bbox 217 2522 959 2567; baseline 0.001 -10"><span class='ocrx_word' id='word_1_349' title='bbox 217 2522 369 2557; x_wconf 88' lang='lat' dir='ltr'>neinten</span> <span class='ocrx_word' id='word_1_350' title='bbox 389 2523 517 2558; x_wconf 85' lang='lat' dir='ltr'>Worte</span> <span class='ocrx_word' id='word_1_351' title='bbox 538 2523 654 2558; x_wconf 84' lang='lat' dir='ltr'>durch</span> <span class='ocrx_word' id='word_1_352' title='bbox 674 2523 959 2567; x_wconf 72' lang='lat' dir='ltr'>Prapositionen</span> 
     </span>
     <span class='ocr_line' id='line_1_62' title="bbox 219 2568 959 2613; baseline 0.001 -10"><span class='ocrx_word' id='word_1_353' title='bbox 219 2568 308 2604; x_wconf 84' lang='lat' dir='ltr'>oder</span> <span class='ocrx_word' id='word_1_354' title='bbox 327 2569 463 2604; x_wconf 86' lang='lat' dir='ltr'>andere</span> <span class='ocrx_word' id='word_1_355' title='bbox 483 2570 623 2605; x_wconf 85' lang='lat' dir='ltr'>Worte.</span> <span class='ocrx_word' id='word_1_356' title='bbox 651 2569 710 2613; x_wconf 90' lang='grc'>21,</span> <span class='ocrx_word' id='word_1_357' title='bbox 731 2574 787 2611; x_wconf 90' lang='grc'>49,</span> <span class='ocrx_word' id='word_1_358' title='bbox 812 2574 865 2606; x_wconf 93' lang='grc'>11.</span> <span class='ocrx_word' id='word_1_359' title='bbox 887 2582 959 2605; x_wconf 85' lang='lat' dir='ltr'>rem</span> 
     </span>
     <span class='ocr_line' id='line_1_63' title="bbox 217 2617 956 2662; baseline 0.003 -12"><span class='ocrx_word' id='word_1_360' title='bbox 217 2617 294 2658; x_wconf 86' lang='lat' dir='ltr'>fore</span> <span class='ocrx_word' id='word_1_361' title='bbox 318 2617 418 2651; x_wconf 77' lang='lat' dir='ltr'>haud</span> <span class='ocrx_word' id='word_1_362' title='bbox 443 2628 523 2652; x_wconf 80' lang='lat' dir='ltr'>cum</span> <span class='ocrx_word' id='word_1_363' title='bbox 547 2618 743 2661; x_wconf 75' lang='lat' dir='ltr'>inparatis.</span> <span class='ocrx_word' id='word_1_364' title='bbox 785 2617 903 2662; x_wconf 87' lang='lat' dir='ltr'>praef.</span> <span class='ocrx_word' id='word_1_365' title='bbox 926 2621 956 2652; x_wconf 88' lang='lat'>8.</span> 
     </span>
     <span class='ocr_line' id='line_1_64' title="bbox 217 2663 956 2708; baseline 0.001 -11"><span class='ocrx_word' id='word_1_366' title='bbox 217 2663 318 2698; x_wconf 75' lang='lat' dir='ltr'>haud</span> <span class='ocrx_word' id='word_1_367' title='bbox 330 2664 371 2698; x_wconf 87' lang='lat' dir='ltr'>in</span> <span class='ocrx_word' id='word_1_368' title='bbox 383 2674 513 2708; x_wconf 72' lang='lat' dir='ltr'>mayno</span> <span class='ocrx_word' id='word_1_369' title='bbox 527 2665 746 2699; x_wconf 74' lang='lat' dir='ltr'>discrimine.</span> <span class='ocrx_word' id='word_1_370' title='bbox 768 2664 892 2707; x_wconf 84' lang='grc'>22,59,</span> <span class='ocrx_word' id='word_1_371' title='bbox 903 2668 956 2698; x_wconf 90' lang='grc'>10.</span> 
     </span>
     <span class='ocr_line' id='line_1_65' title="bbox 218 2710 821 2754; baseline 0.003 -10"><span class='ocrx_word' id='word_1_372' title='bbox 218 2710 317 2744; x_wconf 80' lang='lat' dir='ltr'>haud</span> <span class='ocrx_word' id='word_1_373' title='bbox 342 2711 502 2754; x_wconf 77' lang='lat' dir='ltr'>equidem</span> <span class='ocrx_word' id='word_1_374' title='bbox 530 2731 570 2736; x_wconf 88' lang='lat'>——</span> <span class='ocrx_word' id='word_1_375' title='bbox 599 2732 640 2737; x_wconf 92' lang='lat'>-——</span> <span class='ocrx_word' id='word_1_376' title='bbox 670 2712 821 2746; x_wconf 76' lang='lat' dir='ltr'>invideo.</span> 
     </span>
    </p>

    <p class='ocr_par' dir='ltr' id='par_1_22' title="bbox 219 2757 959 2896">
     <span class='ocr_line' id='line_1_66' title="bbox 266 2757 959 2802; baseline 0.003 -12"><span class='ocrx_word' id='word_1_377' title='bbox 266 2757 474 2802; x_wconf 77' lang='lat' dir='ltr'>deprensus]</span> <span class='ocrx_word' id='word_1_378' title='bbox 518 2758 557 2792; x_wconf 90' lang='lat' dir='ltr'>in</span> <span class='ocrx_word' id='word_1_379' title='bbox 593 2758 854 2792; x_wconf 72' lang='lat' dir='ltr'>militarischer</span> <span class='ocrx_word' id='word_1_380' title='bbox 892 2757 959 2792; x_wconf 89' lang='lat' dir='ltr'>Be-</span> 
     </span>
     <span class='ocr_line' id='line_1_67' title="bbox 219 2802 956 2849; baseline 0.004 -13"><span class='ocrx_word' id='word_1_381' title='bbox 219 2802 376 2847; x_wconf 90' lang='lat' dir='ltr'>ziehung</span> <span class='ocrx_word' id='word_1_382' title='bbox 385 2804 448 2838; x_wconf 81' lang='lat' dir='ltr'>oft.</span> <span class='ocrx_word' id='word_1_383' title='bbox 459 2819 466 2838; x_wconf 93' lang='lat'>:</span> <span class='ocrx_word' id='word_1_384' title='bbox 477 2805 777 2849; x_wconf 78' lang='lat' dir='ltr'>„1&#39;iberrumpelt‘⁴</span> <span class='ocrx_word' id='word_1_385' title='bbox 787 2804 849 2848; x_wconf 78' lang='grc'>42,</span> <span class='ocrx_word' id='word_1_386' title='bbox 858 2809 915 2849; x_wconf 84' lang='grc'>56,</span> <span class='ocrx_word' id='word_1_387' title='bbox 925 2808 956 2839; x_wconf 88' lang='grc'>9.</span> 
     </span>
     <span class='ocr_line' id='line_1_68' title="bbox 219 2850 774 2896; baseline 0.004 -12"><span class='ocrx_word' id='word_1_388' title='bbox 219 2850 433 2894; x_wconf 75' lang='lat' dir='ltr'>deprehendi</span> <span class='ocrx_word' id='word_1_389' title='bbox 457 2851 640 2886; x_wconf 86' lang='lat' dir='ltr'>Romanos</span> <span class='ocrx_word' id='word_1_390' title='bbox 659 2862 774 2896; x_wconf 74' lang='lat' dir='ltr'>posse.</span> 
     </span>
    </p>
   </div>
   <div class='ocr_carea' id='block_1_16' title="bbox 1026 2235 1776 2884">
    <p class='ocr_par' dir='ltr' id='par_1_23' title="bbox 1032 2235 1776 2510">
     <span class='ocr_line' id='line_1_69' title="bbox 1081 2235 1775 2282; baseline -0.009 -6"><span class='ocrx_word' id='word_1_391' title='bbox 1081 2245 1176 2276; x_wconf 80' lang='lat' dir='ltr'>metu</span> <span class='ocrx_word' id='word_1_392' title='bbox 1214 2262 1256 2266; x_wconf 86' lang='lat'><em>-</em></span> <span class='ocrx_word' id='word_1_393' title='bbox 1296 2242 1337 2275; x_wconf 89' lang='lat' dir='ltr'>in</span> <span class='ocrx_word' id='word_1_394' title='bbox 1373 2240 1551 2274; x_wconf 84' lang='lat' dir='ltr'>deteriora</span> <span class='ocrx_word' id='word_1_395' title='bbox 1581 2235 1775 2282; x_wconf 85' lang='lat' dir='ltr'>inclinato]</span> 
     </span>
     <span class='ocr_line' id='line_1_70' title="bbox 1036 2283 1774 2332; baseline -0.008 -9"><span class='ocrx_word' id='word_1_396' title='bbox 1036 2288 1107 2332; x_wconf 82' lang='lat' dir='ltr'>„da</span> <span class='ocrx_word' id='word_1_397' title='bbox 1133 2288 1190 2323; x_wconf 86' lang='lat' dir='ltr'>die</span> <span class='ocrx_word' id='word_1_398' title='bbox 1217 2286 1471 2330; x_wconf 73' lang='lat' dir='ltr'>Befi&#39;irchtung</span> <span class='ocrx_word' id='word_1_399' title='bbox 1491 2285 1571 2320; x_wconf 87' lang='lat' dir='ltr'>eine</span> <span class='ocrx_word' id='word_1_400' title='bbox 1598 2283 1774 2319; x_wconf 87' lang='lat' dir='ltr'>Deuterin</span> 
     </span>
     <span class='ocr_line' id='line_1_71' title="bbox 1035 2330 1776 2377; baseline -0.007 -8"><span class='ocrx_word' id='word_1_401' title='bbox 1035 2335 1095 2377; x_wconf 82' lang='lat' dir='ltr'>ist,</span> <span class='ocrx_word' id='word_1_402' title='bbox 1117 2335 1174 2369; x_wconf 90' lang='lat' dir='ltr'>die</span> <span class='ocrx_word' id='word_1_403' title='bbox 1196 2334 1275 2368; x_wconf 83' lang='lat' dir='ltr'>sich</span> <span class='ocrx_word' id='word_1_404' title='bbox 1297 2335 1386 2368; x_wconf 82' lang='lat' dir='ltr'>stets</span> <span class='ocrx_word' id='word_1_405' title='bbox 1403 2332 1503 2367; x_wconf 87' lang='lat' dir='ltr'>einer</span> <span class='ocrx_word' id='word_1_406' title='bbox 1517 2330 1776 2366; x_wconf 85' lang='lat' dir='ltr'>schlimmeren</span> 
     </span>
     <span class='ocr_line' id='line_1_72' title="bbox 1034 2378 1774 2426; baseline -0.007 -10"><span class='ocrx_word' id='word_1_407' title='bbox 1034 2380 1256 2426; x_wconf 84' lang='lat' dir='ltr'>Auffassung</span> <span class='ocrx_word' id='word_1_408' title='bbox 1270 2380 1451 2425; x_wconf 81' lang='lat' dir='ltr'>zuneigt“.</span> <span class='ocrx_word' id='word_1_409' title='bbox 1468 2378 1527 2420; x_wconf 86' lang='grc'>21,</span> <span class='ocrx_word' id='word_1_410' title='bbox 1542 2382 1598 2419; x_wconf 91' lang='grc'>32,</span> <span class='ocrx_word' id='word_1_411' title='bbox 1615 2382 1645 2412; x_wconf 91' lang='grc'>7.</span> <span class='ocrx_word' id='word_1_412' title='bbox 1660 2378 1774 2421; x_wconf 77' lang='lat' dir='ltr'>fama,</span> 
     </span>
     <span class='ocr_line' id='line_1_73' title="bbox 1032 2424 1775 2473; baseline -0.007 -10"><span class='ocrx_word' id='word_1_413' title='bbox 1032 2440 1105 2473; x_wconf 80' lang='lat' dir='ltr'>qua</span> <span class='ocrx_word' id='word_1_414' title='bbox 1148 2429 1289 2463; x_wconf 76' lang='lat' dir='ltr'>incerta</span> <span class='ocrx_word' id='word_1_415' title='bbox 1334 2428 1372 2461; x_wconf 84' lang='lat' dir='ltr'>in</span> <span class='ocrx_word' id='word_1_416' title='bbox 1412 2427 1530 2461; x_wconf 80' lang='lat' dir='ltr'>maius</span> <span class='ocrx_word' id='word_1_417' title='bbox 1567 2434 1647 2460; x_wconf 85' lang='lat' dir='ltr'>vero</span> <span class='ocrx_word' id='word_1_418' title='bbox 1685 2424 1775 2467; x_wconf 79' lang='lat' dir='ltr'>ferri</span> 
     </span>
     <span class='ocr_line' id='line_1_74' title="bbox 1032 2476 1153 2510; baseline -0.008 0"><span class='ocrx_word' id='word_1_419' title='bbox 1032 2476 1153 2510; x_wconf 82' lang='lat' dir='ltr'>solent.</span> 
     </span>
    </p>

    <p class='ocr_par' dir='ltr' id='par_1_24' title="bbox 1026 2517 1775 2884">
     <span class='ocr_line' id='line_1_75' title="bbox 1080 2517 1774 2564; baseline -0.009 -7"><span class='ocrx_word' id='word_1_420' title='bbox 1080 2532 1114 2557; x_wconf 82' lang='lat' dir='ltr'>c.</span> <span class='ocrx_word' id='word_1_421' title='bbox 1134 2521 1192 2564; x_wconf 81' lang='lat'>45,</span> <span class='ocrx_word' id='word_1_422' title='bbox 1214 2525 1244 2556; x_wconf 91' lang='grc'>2.</span> <span class='ocrx_word' id='word_1_423' title='bbox 1285 2521 1397 2555; x_wconf 78' lang='lat' dir='ltr'>ullius</span> <span class='ocrx_word' id='word_1_424' title='bbox 1423 2517 1666 2564; x_wconf 80' lang='lat' dir='ltr'>imperatoris]</span> <span class='ocrx_word' id='word_1_425' title='bbox 1705 2517 1774 2552; x_wconf 88' lang='lat' dir='ltr'>wie</span> 
     </span>
     <span class='ocr_line' id='line_1_76' title="bbox 1032 2565 1774 2613; baseline -0.008 -9"><span class='ocrx_word' id='word_1_426' title='bbox 1032 2568 1091 2612; x_wconf 78' lang='lat'>26,</span> <span class='ocrx_word' id='word_1_427' title='bbox 1118 2573 1176 2613; x_wconf 87' lang='lat'>41,</span> <span class='ocrx_word' id='word_1_428' title='bbox 1197 2572 1228 2603; x_wconf 91' lang='grc'>3.</span> <span class='ocrx_word' id='word_1_429' title='bbox 1262 2579 1362 2603; x_wconf 84' lang='lat' dir='ltr'>nemo</span> <span class='ocrx_word' id='word_1_430' title='bbox 1388 2570 1472 2602; x_wconf 83' lang='lat' dir='ltr'>ante</span> <span class='ocrx_word' id='word_1_431' title='bbox 1496 2576 1548 2600; x_wconf 86' lang='lat' dir='ltr'>me</span> <span class='ocrx_word' id='word_1_432' title='bbox 1573 2575 1686 2599; x_wconf 82' lang='lat' dir='ltr'>novus</span> <span class='ocrx_word' id='word_1_433' title='bbox 1711 2565 1774 2598; x_wconf 83' lang='lat' dir='ltr'>im-</span> 
     </span>
     <span class='ocr_line' id='line_1_77' title="bbox 1026 2612 1774 2661; baseline -0.009 -10"><span class='ocrx_word' id='word_1_434' title='bbox 1026 2620 1187 2661; x_wconf 78' lang='lat' dir='ltr'>perator,</span> <span class='ocrx_word' id='word_1_435' title='bbox 1214 2614 1348 2649; x_wconf 73' lang='lat' dir='ltr'>mfisste</span> <span class='ocrx_word' id='word_1_436' title='bbox 1373 2613 1452 2648; x_wconf 90' lang='lat' dir='ltr'>hier</span> <span class='ocrx_word' id='word_1_437' title='bbox 1477 2613 1690 2656; x_wconf 79' lang='lat' dir='ltr'>cuiusquam</span> <span class='ocrx_word' id='word_1_438' title='bbox 1710 2612 1774 2645; x_wconf 85' lang='lat' dir='ltr'>im-</span> 
     </span>
     <span class='ocr_line' id='line_1_78' title="bbox 1027 2658 1775 2707; baseline -0.008 -9"><span class='ocrx_word' id='word_1_439' title='bbox 1027 2663 1211 2707; x_wconf 79' lang='lat' dir='ltr'>peratoris</span> <span class='ocrx_word' id='word_1_440' title='bbox 1247 2662 1375 2697; x_wconf 77' lang='lat' dir='ltr'>stehen</span> <span class='ocrx_word' id='word_1_441' title='bbox 1411 2659 1486 2702; x_wconf 86' lang='lat'>(30,</span> <span class='ocrx_word' id='word_1_442' title='bbox 1508 2663 1559 2701; x_wconf 89' lang='grc'>12,</span> <span class='ocrx_word' id='word_1_443' title='bbox 1582 2662 1624 2693; x_wconf 88' lang='grc'>14</span> <span class='ocrx_word' id='word_1_444' title='bbox 1657 2658 1775 2693; x_wconf 83' lang='lat' dir='ltr'>cuius-</span> 
     </span>
     <span class='ocr_line' id='line_1_79' title="bbox 1031 2704 1775 2754; baseline -0.009 -9"><span class='ocrx_word' id='word_1_445' title='bbox 1031 2721 1138 2754; x_wconf 78' lang='lat' dir='ltr'>quam</span> <span class='ocrx_word' id='word_1_446' title='bbox 1181 2708 1371 2750; x_wconf 83' lang='lat' dir='ltr'>Romanz&#39;);</span> <span class='ocrx_word' id='word_1_447' title='bbox 1411 2706 1506 2741; x_wconf 86' lang='lat' dir='ltr'>doch</span> <span class='ocrx_word' id='word_1_448' title='bbox 1545 2705 1660 2740; x_wconf 89' lang='lat' dir='ltr'>findet</span> <span class='ocrx_word' id='word_1_449' title='bbox 1697 2704 1775 2738; x_wconf 81' lang='lat' dir='ltr'>sich</span> 
     </span>
     <span class='ocr_line' id='line_1_80' title="bbox 1031 2751 1772 2791; baseline -0.008 0"><span class='ocrx_word' id='word_1_450' title='bbox 1031 2757 1129 2791; x_wconf 82' lang='lat' dir='ltr'>ullus</span> <span class='ocrx_word' id='word_1_451' title='bbox 1153 2755 1265 2790; x_wconf 70' lang='lat' dir='ltr'>ofters</span> <span class='ocrx_word' id='word_1_452' title='bbox 1286 2754 1344 2789; x_wconf 88' lang='lat' dir='ltr'>bei</span> <span class='ocrx_word' id='word_1_453' title='bbox 1365 2753 1443 2787; x_wconf 87' lang='lat' dir='ltr'>Liv.</span> <span class='ocrx_word' id='word_1_454' title='bbox 1465 2753 1519 2788; x_wconf 85' lang='lat' dir='ltr'>als</span> <span class='ocrx_word' id='word_1_455' title='bbox 1540 2751 1772 2786; x_wconf 83' lang='lat' dir='ltr'>Substantiv:</span> 
     </span>
     <span class='ocr_line' id='line_1_81' title="bbox 1031 2797 1773 2846; baseline -0.008 -8"><span class='ocrx_word' id='word_1_456' title='bbox 1031 2802 1091 2846; x_wconf 83' lang='grc'>24,</span> <span class='ocrx_word' id='word_1_457' title='bbox 1117 2806 1172 2844; x_wconf 88' lang='grc'>47,</span> <span class='ocrx_word' id='word_1_458' title='bbox 1203 2805 1244 2835; x_wconf 91' lang='grc'>10</span> <span class='ocrx_word' id='word_1_459' title='bbox 1275 2802 1352 2835; x_wconf 84' lang='lat' dir='ltr'>sine</span> <span class='ocrx_word' id='word_1_460' title='bbox 1384 2801 1483 2835; x_wconf 80' lang='lat' dir='ltr'>clade</span> <span class='ocrx_word' id='word_1_461' title='bbox 1508 2800 1638 2842; x_wconf 77' lang='lat' dir='ltr'>ulliu33</span> <span class='ocrx_word' id='word_1_462' title='bbox 1678 2797 1773 2833; x_wconf 84' lang='lat' dir='ltr'>auch</span> 
     </span>
     <span class='ocr_line' id='line_1_82' title="bbox 1030 2848 1308 2884; baseline -0.007 0"><span class='ocrx_word' id='word_1_463' title='bbox 1030 2850 1099 2884; x_wconf 81' lang='lat' dir='ltr'>ulli</span> <span class='ocrx_word' id='word_1_464' title='bbox 1125 2848 1198 2883; x_wconf 87' lang='lat' dir='ltr'>und</span> <span class='ocrx_word' id='word_1_465' title='bbox 1226 2848 1308 2883; x_wconf 81' lang='lat' dir='ltr'>ullo.</span> 
     </span>
    </p>
   </div>
  </div>
 </body>
</html>
