1926 3219
196 128 253 170 92

866 127 1081 162 ANHANG.

291 233 338 267 ib.
363 237 405 267 10
431 233 590 267 Achaico
616 231 721 275 bello]
749 231 908 265 Achaico
933 235 1038 274 atque
1064 231 1223 265 Aetolico
1249 232 1336 266 bello
1362 234 1404 267 Σ.

291 289 326 314 e.
347 279 407 321 33,
430 283 472 312 10
497 278 665 321 fuissent]
692 278 804 319 fuisse
830 276 901 310 Σὲ

292 335 327 360 c.
348 325 408 367 34,
429 329 448 359 3
475 325 597 358 multis
623 325 732 357 annis
758 322 855 367 ante]
883 323 1006 357 multis
1030 326 1113 357 ante
1138 324 1248 357 annis
1273 325 1315 358 Σ.

290 372 338 405 ib.
361 376 381 405 9
407 370 586 414 conleyas]
614 370 795 414 conleyam
820 371 863 403 Σ.

290 418 338 452 ib.
362 421 405 451 13
430 418 463 451 si
489 416 634 460 bonum]
662 417 695 450 si
719 417 839 450 virum
864 416 995 450 bonum
1021 417 1062 449 Σ.

290 464 338 498 ib.
362 467 404 497 15
430 474 510 498 oum
537 463 573 498 C.
597 461 768 509 Claudio]
796 474 875 497 cum
899 462 995 508 (0.)
1023 461 1179 497 Claudio
1203 462 1254 507 jg.
1282 461 1352 496 Hd.

292 520 327 546 e.
348 509 408 552 35,
428 514 448 544 3
475 511 580 555 quae]
608 521 698 554 quae
725 520 777 544 res
803 511 845 544 Σ.

291 558 338 591 ib.
363 562 404 591 10
430 557 575 591 Bruttii
599 557 762 602 Lucani]
789 556 934 591 Bruttii
959 558 990 589 et
1015 554 1163 589 Lucani
1188 557 1230 588 Σ.

292 613 325 639 e.
347 604 406 645 36,
428 608 447 638 9
474 608 506 638 et
525 604 660 648 plebeis
686 604 797 648 ludis]
820 603 937 647 plebei
962 602 1042 637 ludi
1068 602 1306 647 XVesenberg.

295 651 343 685 ib.
369 651 631 695 instauratum]
660 651 861 685 instaurati
886 649 1123 693 Wesenberg.

292 697 341 731 ib.
365 701 408 731 10
433 699 521 741 quia
545 698 742 743 desiynati]
769 698 856 741 quia
882 698 957 730 iam
983 696 1163 740 desz'ynati
1188 697 1230 729 Σ.

293 744 341 779 ib.
366 748 406 777 11
435 745 595 779 Hostilio
622 745 780 789 urbana]
810 743 968 778 Hostilio
993 743 1200 776 iurisdictio
1225 743 1369 777 urbana
1396 744 1438 776 Σ.

292 791 341 826 ib.
364 795 405 825 12
432 795 472 825 ut
497 792 617 835 binae]
648 792 753 825 binae
779 792 821 824 Σ.

292 837 340 872 ib.
362 838 403 872 in
429 837 621 881 Sardinia]
650 841 681 871 et
707 837 887 871 Sardinia
910 835 936 879 j.
958 835 1028 869 Hd.

293 893 327 918 c.
347 884 407 926 37,
429 889 448 918 2
477 884 704 928 ῙΡῙωιιιιι-ηἰε]
735 883 945 917 Minturnis
971 883 1013 915 Σ.

293 931 342 966 ib.
369 932 411 965 de
436 932 531 965 caelo
556 931 669 975 tacta]
696 931 739 964 de
764 930 860 964 caelo
886 931 1017 962 tactam
1044 931 1086 962 Σ.

294 978 343 1012 ib.
365 982 384 1012 3
414 977 706 1021 Menturnenses]
738 977 1014 1010 Minturnenses
1040 977 1082 1009 Σ.

293 1025 341 1060 ib.
365 1029 384 1058 5
410 1025 588 1066 infantem
611 1027 739 1058 natum
765 1022 849 1066 esse]
878 1025 1006 1056 natum
1031 1032 1101 1056 esse
1129 1022 1304 1064 infantem
1332 1023 1373 1055 Σ.

293 1071 340 1106 ib.
364 1075 383 1105 6
410 1071 564 1116 extorre]
591 1074 766 1105 extorrem
791 1072 834 1104 Σ.

293 1119 342 1153 ib.
365 1121 408 1152 10
428 1129 523 1161 pure
549 1118 723 1161 casteque]
751 1127 908 1160 pureque
933 1119 965 1150 et
990 1119 1084 1149 caste
1110 1117 1151 1151 Σ.

293 1175 329 1200 e.
349 1164 409 1207 38,
431 1168 451 1198 4
480 1164 769 1208 sslenturnensis]
801 1164 1078 1197 Minturnensis
1104 1165 1145 1197 Σ.

293 1212 342 1247 ib.
364 1215 384 1245 5
410 1222 445 1246 se
470 1215 573 1246 eastra
598 1211 754 1254 moenia]
782 1220 818 1244 se
843 1220 912 1244 esse
937 1213 1042 1243 esctra
1067 1210 1208 1244 moenia
1234 1211 1275 1243 Σ.

296 1258 344 1292 ib.
369 1262 412 1292 10
437 1259 560 1293 omnia
585 1258 679 1302 cum]
709 1268 750 1291 ea
775 1257 898 1291 omnia
924 1267 1004 1290 cum
1030 1258 1072 1289 Σ.

295 1305 344 1340 ib.
368 1309 409 1338 12
436 1305 647 1349 adduxisse]
677 1305 861 1338 adceaeisse
887 1304 930 1337 Σ.

295 1361 330 1386 (τ.
351 1351 411 1393 39,
435 1356 475 1385 13
495 1352 614 1395 ipsum
632 1352 747 1385 solum
766 1362 807 1385 ea
825 1349 1065 1395 oppuynatio]
1088 1350 1163 1394 ipse
1181 1360 1217 1384 se
1235 1350 1349 1384 solum
1369 1361 1409 1384 ea
1424 1350 1692 1394 oppugnatione
1707 1350 1747 1383 Σ.

294 1398 340 1432 ib.
364 1399 577 1442 celeriorem]
607 1399 786 1432 celerioris
811 1398 904 1431 nach
933 1397 1064 1431 Luchs.

296 1455 330 1480 (Β.
351 1444 410 1488 40,
434 1450 477 1480 10
502 1445 651 1489 veniret]
675 1445 878 1488 perveniret
903 1445 946 1477 Σ.

296 1502 331 1526 (·.
353 1491 413 1534 41,
434 1496 454 1525 2
481 1493 573 1526 locat
600 1492 644 1525 ab
670 1492 780 1535 hoste]
809 1491 854 1525 ab
879 1491 974 1525 hoste
999 1491 1091 1525 locat
1117 1491 1158 1523 Σ.

295 1539 344 1573 ib.
366 1542 386 1573 6
413 1539 453 1572 in
478 1539 612 1573 aversis
637 1538 805 1582 collibus]
831 1538 872 1571 in
897 1538 1032 1571 aversis
1057 1537 1212 1571 *vallibus
1238 1538 1280 1570 Σ.

296 1585 345 1620 ib.
370 1589 412 1619 10
432 1586 571 1629 passim
596 1596 632 1619 se
657 1586 797 1628 campo]
824 1585 961 1627 passim
987 1594 1112 1627 campo
1137 1594 1172 1617 se
1197 1585 1239 1616 Σ.

296 1642 331 1666 c.
353 1631 412 1673 42,
434 1636 453 1665 2
481 1632 650 1676 equester]
680 1632 850 1675 equestris
876 1632 917 1664 Σ.

296 1678 344 1712 ib.
369 1682 411 1712 14
431 1680 555 1722 prima
582 1678 678 1722 luce]
708 1679 784 1712 luce
805 1678 929 1721 prima
953 1678 996 1710 Σ.

296 1725 345 1760 ib.
370 1729 411 1759 16
438 1726 594 1769 repetiit]
624 1726 751 1769 repetit
776 1726 819 1758 Σ.

297 1782 331 1806 c.
352 1771 412 1814 43,
435 1776 451 1805 1
479 1773 579 1806 missi
605 1773 652 1806 ad
678 1771 940 1814 Hannibalem]
970 1771 1018 1805 ad
1044 1770 1292 1805 Hannibalem
1318 1770 1419 1804 missi
1444 1771 1485 1805 Σ.

296 1819 343 1853 ib.
365 1822 386 1853 8
413 1820 545 1861 edocet,
572 1823 603 1852 et
628 1818 684 1863 ut]
712 1819 845 1852 edocet:
873 1821 913 1851 ut
939 1818 977 1851 P.

298 1875 332 1900 e.
354 1865 413 1908 44,
435 1870 455 1899 3
482 1866 616 1910 abesse]
645 1866 760 1900 abisse
785 1866 828 1897 Σ.

296 1921 331 1947 (3.
351 1911 412 1957 45,
436 1917 451 1946 1
475 1917 667 1957 postquam
693 1912 850 1956 tantum]
873 1915 1066 1956 postquam
1091 1912 1166 1945 iam
1193 1914 1333 1945 tantum
1359 1911 1401 1945 Σ.

297 1959 346 1995 ib.
368 1963 388 1994 3
414 1959 527 2005 ipsos]
554 1960 627 2003 ipsi
652 1960 684 1994 si
709 1958 772 1992 Md

297 2006 346 2041 ib.
367 2009 389 2039 4
415 2007 620 2050 audiretur]
649 2006 827 2040 audiatur
852 2006 894 2038 Σ.

296 2052 345 2087 ib.
368 2057 410 2086 11
438 2054 553 2098 abire]
583 2054 766 2087 abscedere
790 2051 1029 2095 Wesenberg.

297 2109 331 2134 c.
353 2099 414 2142 46,
435 2103 455 2133 2
481 2100 569 2145 fere]
597 2101 705 2142 ferme
731 2101 774 2134 Σ.

298 2155 332 2182 c.
353 2145 413 2189 47,
434 2150 453 2180 5
478 2147 672 2191 praetoris]
697 2146 893 2189 praetoriis
919 2147 961 2180 Σ.

296 2193 344 2227 ib.
368 2197 387 2227 6
413 2194 594 2237 habuerit]
622 2194 764 2227 haberet
789 2194 830 2226 Σ.

296 2239 346 2274 ib.
368 2244 388 2273 9
414 2251 536 2274 somno
562 2251 604 2274 ac
630 2240 780 2284 viyiliis]
809 2238 991 2286 <itiner-e>
1017 2249 1060 2273 ac
1086 2239 1221 2282 viyiliis
1247 2237 1483 2282 Wesenberg.

296 2286 346 2320 ib.
372 2291 538 2321 sternunt
563 2287 730 2330 corpora]
758 2289 923 2320 sternunt
948 2296 1070 2320 somno
1095 2295 1248 2329 corpora
1272 2284 1510 2328 Wesenberg.

297 2333 345 2366 ib.
370 2337 413 2367 10
437 2334 598 2368 substitit
623 2334 701 2378 ubi]
730 2334 793 2366 ubi
817 2332 891 2366 Md.

297 2379 347 2413 ib.
374 2381 615 2425 transiturus]
643 2381 869 2414 transiturus
894 2382 970 2412 erat
996 2379 1035 2414 L.

296 2425 346 2460 ib.
374 2438 526 2461 errorem
550 2427 708 2472 volvens]
736 2427 852 2460 orbem
878 2426 1018 2460 volvens
1042 2424 1144 2459 st.

298 2483 333 2507 c.
354 2472 413 2516 48,
435 2477 455 2507 5
482 2474 657 2518 conlocat]
686 2474 778 2508 locat
803 2474 845 2507 Σ.

296 2519 335 2553 ib
358 2524 400 2554 14
426 2521 647 2564 ostendisset]
675 2520 908 2554 ostendissent
933 2519 970 2554 P.

298 2575 334 2601 c.
355 2566 416 2610 49,
436 2571 456 2600 2
483 2568 547 2601 ubi
585 2568 738 2612 reyentis
774 2565 1002 2610 sprevissent]
1041 2566 1104 2600 ubi
1142 2566 1295 2610 regentis
1327 2565 1514 2609 imperium
1546 2564 1757 2607 sprevissent

368 2613 416 2647 M.
444 2613 576 2647 Miiller
602 2624 633 2647 a.
660 2624 691 2647 a.
722 2614 762 2647 O.

298 2660 348 2694 ib.
370 2664 388 2694 3
416 2661 535 2695 taedio
560 2664 592 2695 et
617 2661 752 2705 labore]
779 2661 896 2694 taedio
923 2660 1078 2693 laborem
1101 2659 1174 2693 Md.

296 2707 345 2742 ib.
367 2711 388 2742 8
408 2718 528 2751 posse,
561 2708 593 2741 si
619 2719 694 2742 una
719 2708 877 2751 equitum
902 2707 963 2740 ala
989 2707 1173 2749 mittatur,
1205 2716 1322 2741 omnes
1347 2705 1470 2749 deleri]
1497 2705 1529 2739 si
1554 2716 1631 2739 una
1656 2705 1752 2749 equi—

369 2758 445 2788 tum
471 2755 532 2789 ala
557 2755 740 2797 mittatur,
762 2765 867 2798 posse
893 2764 1010 2787 omnes
1034 2754 1144 2788 deleri
1169 2755 1212 2787 Σ.

298 2800 346 2834 ib.
369 2806 388 2835 9
415 2803 505 2845 quin
529 2802 726 2845 supersint]
753 2801 939 2845 supersint
966 2802 1008 2835 Σ.

299 2857 333 2883 c.
354 2848 415 2891 50,
439 2853 454 2881 1
483 2852 589 2892 atque
613 2848 759 2894 hostem]
790 2852 895 2892 atque
920 2847 968 2881 ad
993 2847 1123 2882 hostem
1149 2847 1191 2879 Σ.
