1926 3219
200 113 257 155 90

870 114 1085 149 ANHANG.

293 219 341 254 ib.
363 222 383 253 8
410 223 441 254 et
465 218 646 263 flaminio]
675 218 708 252 ei
732 218 896 261 flami-nio
922 217 996 251 Md.

292 265 342 300 ib.
368 270 406 300 17
434 276 583 309 reynum
608 264 696 308 qua]
724 274 794 307 qua
822 274 972 308 regnunt
998 265 1041 297 Σ.

292 311 342 347 ib.
368 313 517 345 nai-ium
543 310 680 354 LXX]
707 311 938 354 septuayinta
962 311 1113 344 navium
1141 312 1184 344 Σ.

295 367 330 393 c.
352 358 386 400 9,
407 362 426 392 9
455 359 494 391 in
518 360 645 391 senata
670 356 726 401 ut]
753 359 793 390 ut
818 357 858 390 in
883 360 1012 391 senata
1038 357 1079 390 Σ.

292 404 340 438 ib.
365 409 407 438 13
434 404 523 447 quid
547 403 644 447 novi]
672 403 767 446 quod
792 403 876 437 noti
901 403 974 437 Md.

293 450 342 485 ib.
367 455 408 484 14
434 461 568 494 mayna
587 460 681 493 pars
705 449 850 494 diceret]
878 460 1012 494 mayna
1031 460 1124 493 pars
1149 450 1306 484 dicerent
1331 451 1373 484 Σ.

292 507 326 532 c.
352 496 410 538 10,
434 501 451 531 1
479 496 717 541 decessissent]
745 496 955 530 decesserint
980 497 1022 530 Σ.

292 544 341 578 ib.
363 548 382 578 2
408 544 568 586 facerent
593 542 818 588 ayerentque]
847 547 991 587 ayerent
1014 543 1239 587 facerentque
1264 545 1308 579 Σ.

293 590 341 625 ib.
363 594 382 624 3
405 594 559 634 paratos
584 601 627 624 ex
651 590 824 634 formula]
852 601 895 623 ea·
919 591 1079 632 formula
1098 594 1252 634 paratos
1278 591 1319 623 Σ.

294 636 342 671 ib.
364 641 395 671 et
414 638 588 681 pluribus
612 636 659 682 si]
689 640 732 678 et,
757 637 789 671 si
810 637 982 680 pluribus
1008 638 1050 671 Σ.

291 683 340 718 ib.
363 688 382 718 6
410 684 457 718 ad
477 684 654 728 populum
679 684 750 728 eos]
779 683 827 718 ad
849 684 1023 727 populum
1051 694 1187 728 quoque
1213 694 1268 718 eos
1294 685 1336 718 Σ.

292 730 341 764 ib.
365 734 406 765 13
434 734 545 765 cetero
569 732 644 772 usi]
671 735 782 764 cetero
808 740 899 764 auro
924 731 983 764 usi
1008 731 1050 764 Σ.

294 785 327 811 c.
349 776 408 820 11,
429 782 449 811 3
476 777 590 822 aedis]
618 776 771 823 (aedis)
797 776 835 809 P.

292 823 340 858 ib.
363 829 383 858 6
403 825 638 868 pulvinaria]
660 824 880 867 pulvinaria
905 826 937 857 et
962 824 1004 856 Σ.

291 869 341 905 ib.
366 875 407 905 14
434 870 672 915 emeruerant]
699 873 902 904 meruerant
927 871 970 903 Σ.

294 926 329 953 c.
351 918 409 960 12,
431 922 450 952 3
478 929 521 952 nc
545 917 716 952 morandi
739 916 896 961 quidem]
924 927 967 950 ne
996 917 1203 951 remorandi
1228 917 1367 961 quidem
1394 917 1421 951 P

291 964 340 998 ib.
365 969 406 999 15
433 965 581 1009 trepidi]
609 963 746 1007 trepide
770 965 812 997 Σ.

294 1021 329 1046 c.
352 1012 410 1054 13,
433 1015 452 1045 6
477 1015 563 1045 sunt
587 1009 724 1055 eadem]
751 1010 871 1044 eadem
896 1013 982 1043 sunt
1008 1011 1049 1044 Σ.

293 1057 340 1092 ib.
365 1062 382 1092 7
411 1057 630 1102 abstulisset]
658 1057 843 1091 ademisset
869 1057 912 1090 Σ.

291 1103 339 1138 ib.
362 1109 381 1139 9
409 1104 586 1149 destitnit]
613 1104 780 1144 destitni;
806 1107 838 1137 et
864 1103 1079 1138 Gronovius.

293 1151 341 1186 ib.
365 1156 407 1185 10
433 1152 556 1185 ornati
581 1150 797 1195 armatique]
826 1151 960 1184 armati
985 1151 1174 1194 ornatique
1199 1151 1241 1183 Σ.

293 1208 328 1235 c.
350 1198 409 1241 14,
430 1202 449 1232 2
476 1199 601 1240 iussit,
628 1198 765 1241 copias]
794 1197 899 1231 iussit
924 1200 956 1230 et
982 1198 1105 1240 copias
1131 1198 1173 1231 Σ.

292 1246 338 1280 ib.
365 1248 385 1279 8
411 1247 488 1280 eius
512 1244 627 1290 sequi]
654 1246 731 1278 eius
755 1245 854 1287 sioni
877 1244 977 1288 sequi
1002 1245 1044 1278 Σ.

292 1292 340 1327 ib.
365 1297 406 1326 13
433 1292 612 1336 elephanti
637 1290 789 1336 quoque]
817 1291 996 1334 elephanti
1019 1292 1112 1333 forte
1138 1292 1180 1324 Σ.

291 1348 326 1374 c.
349 1339 408 1380 15,
430 1342 449 1372 2
477 1340 613 1382 accepti
637 1338 739 1383 sunt]
767 1338 902 1381 accepti
927 1339 969 1372 Σ.

292 1386 340 1421 ib.
363 1390 382 1420 5
410 1385 556 1430 Livius]
584 1386 768 1419 Laevinus
794 1383 927 1428 Unger.

290 1433 341 1467 ib.
364 1436 382 1466 7
410 1433 454 1467 ab
481 1436 604 1476 aperto
629 1433 724 1466 mari
748 1431 805 1476 ut]
833 1435 873 1466 ut
899 1431 942 1465 ab
969 1434 1093 1475 aperto
1119 1431 1214 1465 mari
1239 1432 1282 1464 Σ.

293 1479 341 1514 ib.
363 1482 383 1513 8
412 1479 602 1523 Caulonis]
631 1478 834 1512 Cauloneae
860 1479 902 1511 Σ

292 1527 341 1561 ib.
368 1537 403 1560 se
428 1525 602 1571 recepere]
630 1535 826 1560 concessere
851 1526 893 1558 Σ.

290 1573 340 1608 ib.
364 1578 404 1607 15
431 1574 495 1617 qui
518 1572 722 1616 praefectus
747 1572 886 1616 classis]
915 1572 978 1615 qui
1000 1571 1203 1615 praefectus
1230 1574 1335 1605 antea
1356 1570 1480 1605 classis
1506 1571 1543 1603 Σ

294 1620 341 1654 ib.
364 1621 427 1654 illo
453 1619 544 1665 loco]
572 1619 630 1653 illi
655 1619 729 1653 loco
754 1620 796 1652 Σ.

293 1676 329 1701 c.
352 1666 409 1709 16,
432 1671 451 1701 6
478 1669 637 1701 armatos
661 1665 824 1710 inermis]
853 1668 1011 1699 armatos
1036 1665 1252 1708 inermisque
1277 1665 1320 1697 Σ.

291 1713 340 1749 ib.
362 1714 467 1747 multi
492 1712 687 1757 interfecti]
714 1713 819 1746 multi
838 1712 978 1755 passim
1003 1711 1183 1754 interfecti
1209 1712 1250 1744 Σ.

292 1760 339 1794 ib.
364 1764 382 1794 7
410 1772 432 1795 a
458 1760 577 1804 caede]
606 1760 651 1793 ab
677 1760 781 1794 caede
807 1760 848 1793 Σ.

291 1806 340 1842 ib.
362 1808 478 1842 millia
506 1806 648 1851 XXX]
677 1807 829 1850 trigyinta
856 1805 960 1840 milia
985 1806 1028 1838 Σ.

291 1853 340 1888 ib.
362 1855 503 1898 asryenti
528 1855 582 1888 vis
607 1852 749 1898 inqens]
778 1854 903 1896 inqens
928 1852 1071 1896 argenti
1095 1852 1150 1886 vis
1175 1852 1217 1885 Σ.

291 1901 341 1935 ib.
367 1902 475 1945 siyna
500 1911 542 1935 ac
567 1899 728 1945 tabulae]
755 1901 863 1943 siyna
888 1899 1032 1933 tabulae
1057 1899 1098 1932 Σ.

291 1947 341 1982 ib.
364 1951 384 1982 8
410 1946 672 1991 inte2·r09ante]
699 1946 943 1991 interro-(lariti
968 1947 1011 1978 Σ.

292 1994 340 2029 ib.
363 1998 383 2028 9
410 1997 495 2029 dnm
520 1995 605 2028 haec
630 1993 807 2038 ayzintnr]
835 1995 920 2028 dum
945 1993 1030 2027 haec
1058 1992 1210 2027 Tarenti
1235 1995 1396 2036 ayuntnr
1422 1991 1464 2024 Σ.

292 2042 341 2076 ib.
361 2041 424 2086 iis]
452 2042 484 2076 is
510 2043 552 2074 Σ.

292 2088 340 2122 ib.
364 2087 597 2132 Cauloniam]
626 2087 846 2121 Cauloneam
872 2088 915 2120 Σ.

292 2135 341 2168 ib.
366 2139 405 2168 11
433 2133 683 2178 constituerat]
712 2134 920 2167 constiterat
947 2134 988 2166 Σ.

292 2181 341 2215 ib.
366 2185 408 2215 12
434 2182 467 2216 si
494 2182 748 2225 BIetapontum
774 2179 891 2226 (iis>]
918 2180 951 2214 si
979 2179 1233 2223 Metapontum
1259 2180 1300 2212 Σ.

293 2228 342 2262 ib.
366 2232 408 2262 13
434 2239 535 2269 vera,
561 2238 652 2272 quae
677 2227 877 2272 adferrent]
905 2238 995 2270 quae
1022 2227 1223 2269 adferrent,
1248 2236 1333 2260 vera
1357 2226 1400 2258 Σ

291 2275 342 2309 ib.
367 2279 408 2310 16
434 2276 483 2310 ad
508 2274 758 2319 constitutum]
785 2275 834 2308 ad
858 2274 1090 2308 constitutam
1116 2274 1159 2308 Σ.

292 2331 328 2356 c.
351 2322 408 2363 17,
431 2326 450 2356 7
477 2323 633 2364 adfatim
659 2325 736 2355 erat
761 2320 807 2365 et]
836 2321 992 2362 adfatim
1017 2323 1094 2353 erat
1118 2318 1205 2365 <et>
1229 2317 1450 2352 Alschefski.

294 2368 412 2410 c.18
434 2373 453 2403 6
479 2369 627 2410 facilior
651 2369 692 2401 in
718 2367 917 2412 ascensum]
945 2367 1108 2409 faciliori
1133 2376 1282 2400 ascensa
1309 2365 1380 2399 Md.

293 2415 341 2449 ib.
364 2419 384 2449 8
410 2416 612 2450 dimicandi
637 2424 749 2458 aequo
775 2415 916 2458 campo]
944 2423 1055 2457 aequo
1081 2413 1283 2447 dimicandi
1307 2421 1431 2455 campo
1458 2412 1499 2444 Σ.

292 2461 342 2496 ib.
368 2463 514 2497 virtutis
539 2460 804 2505 armorumque]
832 2461 977 2495 virtutis
1005 2462 1070 2494 aut
1095 2470 1278 2494 armorum
1304 2460 1345 2492 Σ.

293 2508 342 2542 ib.
364 2513 383 2543 9
411 2509 459 2543 ad
484 2510 524 2543 id
548 2508 640 2554 fore]
667 2509 755 2552 quid
778 2510 857 2550 fore
883 2507 1035 2542 Harant.

293 2555 342 2589 ib.
368 2559 407 2590 11
432 2567 499 2599 per
524 2555 671 2601 aspera]
692 2566 760 2599 per
786 2558 929 2598 aspreta
956 2555 998 2588 Σ.

294 2601 342 2636 ib.
358 2602 495 2648 primo]
517 2603 680 2646 primum
706 2604 749 2635 Σ.

294 2648 343 2684 ib.
365 2652 409 2683 20
435 2653 467 2684 et
491 2649 678 2693 stationes]
705 2659 790 2683 nam
816 2651 847 2682 et
871 2648 1043 2683 stationes
1069 2649 1111 2682 Σ.

295 2706 330 2731 e.
353 2696 414 2739 19,
436 2701 455 2731 5
483 2697 602 2741 tacite]
630 2696 734 2730 taciti
758 2697 801 2729 Σ.
853 2695 899 2729 Μ.
927 2694 1071 2728 ΜίὶΙΙθι·.
1123 2693 1280 2737 Gotting
1305 2691 1392 2726 Anz.
1422 2694 1522 2726 1880.
1550 2702 1584 2735 p.
1614 2693 1714 2726 1457.

294 2742 342 2778 ib.
365 2749 384 2778 6
411 2753 541 2788 mayno
565 2742 809 2788 fasti9i0]alto
834 2742 984 2787 fastigio
1010 2742 1052 2774 Σ.

295 2789 342 2824 ib.
365 2794 384 2824 9
412 2801 482 2824 esse
507 2790 576 2835 ait]
604 2800 674 2824 esse
698 2800 733 2824 se
759 2790 812 2824 ait
838 2790 880 2822 Σ.

296 2836 344 2871 ib.
373 2837 553 2882 eductum]
581 2837 772 2872 educatum
798 2838 840 2870 Σ.
