1926 3219
593 101 734 137 LIBER
761 100 906 136 XXVII.
957 100 1058 136 CAP.
1085 104 1140 136 28.
1167 103 1222 134 29.
1626 98 1681 140 53

129 121 156 141 ι.
178 115 230 141 eh.
251 115 310 140 208.

130 209 308 252 advecto
346 209 639 264 oppugnabat.
707 208 882 263 Magoni
923 209 1008 250 iam
1045 207 1157 248 haud
1197 206 1329 248 ferme
1361 206 1509 248 fidenti
1542 211 1678 248 reten-
1708 213 1750 242 14

127 271 269 310 turum
309 267 665 322 defensurumque
706 283 749 309 se
789 268 935 309 urbem
975 267 1114 320 prima
1161 280 1256 319 spes
1302 268 1439 306 morte
1483 266 1681 306 nuntiata

127 326 315 369 Marcelli
353 325 539 367 adfulsit.
608 329 776 368 secutus
815 326 911 367 inde
949 326 1122 366 nuntius
1155 323 1443 365 Hannibalem
1475 323 1678 365 Numida—
1707 329 1749 359 15

127 400 222 426 rum
242 384 434 439 equitatu
460 386 695 450 praemisso
723 386 875 439 ipsum,
901 387 1107 438 quantum
1134 383 1373 424 adcelerare
1400 386 1555 436 posset,
1583 397 1679 423 cum

126 442 316 497 peditum
355 444 524 508 agmine
564 444 693 496 sequi.
755 444 897 496 itaque
936 443 1009 483 ubi
1048 442 1232 495 primum
1265 439 1475 482 Numidas
1508 440 1622 482 edito
1656 455 1677 481 e
1706 445 1748 475 16

131 501 313 556 speculis
340 503 462 556 signo
489 501 720 542 adventare
748 501 892 552 sensit,
925 504 967 540 et
993 501 1084 552 ipse
1111 499 1328 563 patefacta
1355 502 1528 562 repente
1554 503 1682 552 porta

127 560 245 602 ferox
283 560 326 600 in
366 560 502 602 hostis
540 559 734 612 erumpit.
804 562 846 598 et
885 558 1022 611 primo
1063 557 1201 611 magis
1241 556 1341 610 quia
1378 556 1598 610 inproviso
1639 557 1681 597 id

127 618 305 671 fecerat,
343 633 469 672 quam
511 616 620 671 quod
656 630 735 670 par
766 616 929 656 viribus
962 619 1090 667 esset,
1130 629 1283 668 anceps
1317 618 1532 656 certamen
1565 618 1680 667 erat·

128 677 296 730 deinde,
334 681 380 717 ut
418 688 699 729 supervenere
738 673 967 728 Numidae,
1012 648 1159 715 tarftus
1198 688 1332 727 pavor
1372 672 1576 714 Romanis
1615 679 1681 714 est
1707 679 1749 709 17

128 736 328 784 iniectus,
366 737 413 774 ut
451 734 613 787 passim
645 732 698 773 ad
730 747 846 774 mare
880 747 927 774 ac
959 747 1090 774 naves
1123 732 1321 786 fugerent
1353 731 1513 773 relictis
1546 732 1683 785 operi-

130 794 210 834 bus
241 792 544 846 machinisque,
577 791 732 845 quibus
766 806 910 833 muros
944 791 1204 846 quatiebant.
1260 790 1321 831 ita
1353 789 1537 831 adventu
1569 790 1682 832 Han-

129 851 286 893 nibalis
319 850 460 892 soluta
490 849 724 891 Locrorum
759 850 923 892 obsidio
958 854 1034 892 est.

240 908 464 963 Crispinus
509 911 738 963 postquam
779 909 822 950 in
870 908 1066 950 Bruttios
1110 907 1350 962 profectum
1393 906 1678 949 Hannibalem
1705 908 1754 944 29

123 968 274 1021 sensit,
313 967 564 1019 exercitum,
603 968 668 1008 cui
711 968 891 1023 conlega
929 967 1191 1021 praefuerat,
1225 965 1281 1007 M.
1318 964 1569 1007 Marcellum
1609 967 1683 1008 tri-

124 1027 286 1068 bunum
318 1026 503 1067 militum
535 1025 770 1067 Venusiam
803 1026 1011 1068 abducere
1050 1026 1194 1078 iussit3
1235 1025 1326 1078 ipse
1367 1039 1461 1065 cum
1500 1025 1677 1081 legioni·
1705 1030 1724 1061 2

122 1086 202 1126 bus
235 1085 323 1126 suis
352 1083 543 1139 Capuam
576 1085 802 1139 profectus,
838 1085 905 1125 vix
936 1085 1110 1126 lecticae
1143 1083 1425 1139 agitationem
1460 1098 1563 1137 prae
1590 1098 1683 1139 gra-

123 1144 257 1185 vitate
297 1143 520 1185 vulnerum
558 1144 742 1197 patiens,
786 1142 967 1185 Romam
1008 1143 1174 1184 litteras
1215 1141 1264 1183 de
1303 1144 1440 1183 morte
1478 1143 1682 1196 conlegae

125 1202 317 1256 scripsit,
361 1205 603 1257 quantoque
643 1202 732 1256 ipse
772 1202 816 1242 in
857 1202 1100 1244 discrimine
1146 1203 1277 1243 esset:
1323 1214 1366 1241 se
1411 1201 1682 1242 comitiorum
1710 1205 1731 1236 3

125 1275 253 1302 causa
284 1275 371 1302 non
402 1275 528 1315 posse
560 1260 742 1302 Romam
776 1261 939 1314 venire,
978 1261 1077 1315 quia
1108 1274 1185 1301 nec
1223 1260 1315 1301 viae
1357 1258 1550 1300 laborem
1587 1274 1683 1314 pas·

125 1334 249 1361 surus
290 1319 502 1360 videretur
540 1322 583 1360 et
615 1319 664 1360 de
697 1319 884 1361 Tarento
919 1319 1128 1361 sollicitus
1162 1321 1290 1371 esset,
1331 1331 1384 1358 ne
1418 1332 1467 1358 ex
1499 1317 1683 1359 Bruttiis

123 1377 344 1419 Hannibal
378 1392 427 1419 eo
460 1380 727 1418 converteret
753 1391 927 1433 agmen,
959 1379 1126 1432 legatos
1153 1392 1259 1431 opus
1287 1390 1379 1416 esse
1407 1376 1459 1416 ad
1488 1391 1532 1418 se
1558 1377 1683 1430 mitti,

125 1434 240 1478 viros
272 1435 510 1490 prudent-is,
543 1450 638 1478 cum
672 1436 836 1491 quibuS,
869 1451 976 1491 quae
1008 1436 1146 1487 vellet,
1180 1436 1230 1476 de
1262 1449 1307 1475 re
1340 1434 1512 1488 publica
1537 1435 1682 1490 loque-

122 1498 253 1536 retur.
306 1494 386 1536 hae
418 1494 588 1536 litterae
621 1495 824 1536 recitatae
851 1509 1057 1550 magnum
1084 1497 1126 1535 et
1151 1494 1313 1535 luctum
1339 1495 1478 1535 morte
1505 1493 1679 1535 alterius
1708 1498 1729 1529 4

122 1553 307 1595 consulis
347 1556 389 1594 et
427 1555 588 1594 metum
627 1554 677 1595 de
717 1555 851 1595 altero
890 1554 1096 1595 fecerunt.
1157 1554 1300 1607 itaque
1339 1555 1382 1592 et
1422 1550 1469 1600 Q.
1501 1551 1683 1594 Fabium

123 1612 259 1653 filium
292 1611 345 1653 ad
377 1613 609 1654 exercitum
640 1612 875 1654 Venusiam
909 1613 1136 1665 miserunt,
1176 1615 1218 1653 et
1250 1611 1302 1652 ad
1336 1611 1554 1652 consulem
1593 1618 1681 1652 tres

121 1671 259 1726 legati
300 1670 442 1724 missi,
481 1670 574 1713 Sex.
605 1670 740 1712 Iulius
774 1669 934 1712 Caesar
965 1671 1011 1712 L.
1042 1671 1230 1712 Licinius
1262 1669 1398 1711 Pollio
1431 1668 1476 1711 L.
1510 1668 1681 1711 Cincius

122 1730 376 1780 Alimentus,
408 1743 504 1771 cum
535 1729 682 1783 paucis
710 1732 809 1770 ante
837 1729 983 1771 diebus
1011 1744 1061 1770 ex
1087 1728 1232 1771 Sicilia
1256 1728 1451 1770 redisset.
1501 1727 1547 1769 hi
1573 1743 1678 1769 nun-
1707 1735 1726 1766 5

120 1787 229 1829 tiare
262 1788 429 1829 consuli
459 1789 582 1841 iussi,
614 1792 678 1842 ut,
721 1789 757 1830 si
790 1788 842 1829 ad
875 1789 1047 1830 comitia
1079 1789 1170 1842 ipse
1203 1788 1347 1829 venire
1379 1785 1564 1828 Romam
1595 1801 1684 1829 non

121 1848 280 1900 posset,
312 1846 566 1888 dictatorem
598 1848 642 1888 in
675 1860 780 1901 agro
812 1846 1008 1889 Roma-no
1042 1846 1200 1888 diceret
1232 1845 1503 1888 comitiorum
1536 1860 1682 1898 causa3

123 1905 160 1945 si
200 1905 349 1946 consul
387 1904 620 1947 Tarentum
657 1906 875 1960 profectus
914 1909 1046 1959 esset,
1093 1907 1141 1954 Q.
1175 1904 1400 1947 Claudium
1438 1906 1681 1958 praetorem
1709 1910 1728 1941 6

121 1964 291 2017 placere
323 1964 367 2004 in
399 1977 493 2005 eam
523 1965 744 2019 regionem
776 1965 873 2006 inde
902 1965 1110 2007 abducere
1135 1965 1342 2019 legiones,
1372 1964 1416 2004 iu
1443 1976 1528 2017 qua
1552 1963 1682 2017 pluri-

120 2036 213 2063 mas
247 2022 464 2063 sociorum
495 2023 623 2064 urbes
654 2024 765 2064 tueri
798 2026 958 2078 posset.

240 2079 404 2122 Eadem
444 2084 606 2123 aestate
646 2081 704 2124 M.
741 2082 942 2124 Valerius
983 2096 1079 2123 cum
1118 2082 1253 2123 classe
1293 2084 1464 2123 centum
1507 2081 1681 2123 navium
1710 2086 1728 2117 7

937 2197 1037 2243 esset]
1064 2209 1136 2232 von
1170 2198 1317 2242 sca-ipsit
1349 2197 1498 2241 haugen
1531 2197 1585 2231 als
1616 2196 1681 2232 ko-

938 2244 1118 2279 ordiniert
1148 2244 1229 2279 eine
1261 2243 1682 2288 Prapositionalverbin

938 2292 1038 2336 dung
1075 2291 1151 2326 und
1183 2291 1243 2326 ein
1272 2291 1470 2335 Fragesatz
1504 2290 1567 2333 ab;
1606 2290 1681 2335 vgl.

939 2350 968 2374 c.
1001 2342 1063 2382 33,
1096 2343 1126 2373 9.
1155 2349 1245 2373 cura
1277 2338 1437 2372 consules
1463 2358 1506 2362 -
1533 2338 1683 2372 creandi

938 2389 969 2420 et
997 2390 1035 2420 ut
1059 2396 1116 2420 eos
1141 2388 1313 2420 crearent.

986 2437 1017 2467 3.
1039 2433 1080 2468 de
1103 2432 1258 2467 Tarento
1277 2432 1453 2466 sollicitus
1473 2451 1516 2456 —-
1537 2431 1596 2477 ne]
1618 2430 1682 2465 der

171 2200 224 2232 15.
251 2199 428 2242 quantum
447 2198 650 2232 adcelerare
664 2198 798 2243 posset]
825 2198 864 2232 in

122 2242 242 2278 dieser
263 2242 322 2278 bei
334 2242 411 2279 Liv.
433 2244 558 2288 haufig
571 2244 864 2280 wiederkehren—

122 2289 194 2324 den
211 2290 360 2325 Formel
383 2291 433 2325 ist
454 2293 658 2327 adcelerare
682 2293 773 2326 stets
799 2293 864 2326 ab-

122 2336 231 2371 solut.
256 2335 317 2380 43,
336 2341 367 2380 1,
384 2341 435 2373 10.
462 2342 638 2384 quantum
665 2339 864 2374 adcelerare

116 2384 261 2428 possint
285 2394 319 2418 u.
345 2394 376 2418 a.

193 2429 289 2472 ,29,
310 2434 374 2463 1-
379 2434 411 2465 9.
439 2432 624 2472 Bericht
648 2433 723 2468 des
745 2432 863 2467 Cris-

153 2475 263 2511 i.nus
304 2476 716 2515 Senatsbeschluss.
751 2480 864 2515 Lan-

122 2523 240 2568 dung
263 2523 308 2558 in
333 2523 505 2561 Afrika.

171 2574 204 2605 2.
230 2571 372 2605 lecticae
397 2573 630 2616 ayitationem
649 2592 691 2598 —
700 2574 862 2619 patiens]

123 2615 212 2658 „das
251 2616 481 2654 Schwanken
518 2619 582 2654 der
617 2619 744 2654 Sanfte
783 2631 863 2655 aus-

122 2642 315 2706 Iialtendffl
357 2676 381 2699 v
383 2665 432 2710 g.l
462 2665 521 2708 30,
556 2670 610 2709 19,
643 2670 674 2700 5.
720 2667 760 2701 in
806 2668 865 2701 via

126 2677 418 2746 iactationem
446 2694 615 2748 vulizerzs.
662 2713 720 2755 21,
747 2717 804 2755 48,
836 2717 865 2747 7.

122 2757 402 2792 vexationem
425 2760 586 2795 vulne-ris
620 2761 659 2795 in
684 2761 745 2795 via
779 2762 868 2796 iac·

123 2804 215 2838 tat-i
240 2823 286 2829 —
305 2805 462 2847 patiens.

171 2850 214 2885 de
237 2854 347 2885 morte
366 2872 410 2877 —
430 2853 575 2896 scripsit
594 2857 798 2898 quantoque
823 2875 866 2880 —

937 2479 975 2514 in
1015 2480 1190 2514 sollicitus
1234 2478 1403 2524 liegende
1441 2477 1582 2522 Begriff
1617 2477 1681 2512 der

936 2526 1076 2562 Furcht
1106 2525 1309 2561 veranlasst
1340 2525 1412 2560 den
1443 2523 1681 2569 abhangigen

938 2573 1023 2608 Satz
1065 2573 1135 2607 mit
1178 2583 1238 2616 ne,
1277 2572 1342 2607 der
1387 2571 1556 2616 zugleich
1601 2570 1682 2606 eine

937 2619 1072 2654 nabere
1091 2619 1351 2662 Bestimmung
1368 2629 1443 2653 von
1462 2619 1504 2652 de
1527 2617 1682 2653 Tarento

941 2666 1095 2701 euthalt.
1111 2666 1171 2709 30,
1181 2669 1236 2708 37,
1248 2669 1291 2699 10
1299 2666 1341 2700 de
1346 2675 1439 2709 pace
1447 2684 1491 2690 —
1500 2665 1681 2707 disseruit,

940 2724 1047 2757 quam
1072 2723 1135 2747 nec
1154 2713 1284 2756 iniqua
1309 2715 1341 2746 et
1368 2712 1567 2746 necessaria
1586 2714 1681 2746 esset.

988 2770 1068 2794 cum
1093 2758 1238 2804 quibus]
1266 2758 1344 2793 Liv.
1366 2757 1469 2792 stellt
1493 2769 1572 2793 cum
1592 2759 1682 2793 stets

940 2817 1006 2841 vor
1037 2806 1102 2840 das
1135 2805 1301 2848 Relativ,
1334 2804 1422 2840 aber
1451 2805 1576 2840 hinter
1615 2805 1682 2839 das

940 2852 1172 2897 personliche
1197 2852 1414 2887 Pronomen.
