1926 3219
147 854 188 885 13
215 846 354 888 toria-e
387 860 492 887 esse.

147 1089 190 1119 14
218 1082 341 1121 esset.

221 98 242 138 1
251 97 276 138 8
693 96 835 132 LIBER
860 96 1006 132 XXVII.

1058 97 1160 132 CAP.
1189 101 1219 132 9.
1248 102 1302 132 10.

1619 120 1644 138 a.
1665 121 1692 138 u.
1713 114 1778 142 545.

217 205 410 246 consules
443 207 491 246 ut
521 204 565 245 in
597 206 748 245 senatu
781 203 1110 257 pronuntiarent
1141 204 1186 244 in
1219 204 1407 246 animum
1445 206 1645 248 inducere
1684 222 1773 250 non

215 265 410 317 possent:
453 277 540 304 non
572 262 685 303 enim
718 261 1073 302 detractationem
1105 274 1199 302 eam
1231 276 1453 305 munerum
1486 265 1665 306 militiae
1699 265 1773 307 sed

153 328 195 360 10
223 323 415 375 apertam
448 320 728 362 defectionem
763 333 788 359 a
819 318 979 372 populo
1013 317 1208 360 Romano
1242 333 1346 361 esse.

1407 323 1593 365 redirent
1632 323 1784 378 itaque

217 394 396 434 propere
423 380 466 419 in
493 377 697 427 colonias,
729 378 772 417 et
797 378 1016 430 tamquam
1043 377 1213 432 integra
1240 392 1296 431 re,
1323 378 1454 420 locuti
1480 383 1619 437 magis
1648 397 1778 437 quam

219 439 309 479 ausi
336 440 504 478 tantum
530 434 665 487 nefas,
691 449 786 476 cum
813 435 900 476 suis
928 435 1219 490 consulerent,
1245 436 1526 480 admonerent
1544 454 1632 482 non
1653 440 1775 482 Cam-

152 504 191 534 11
220 509 354 549 panos
387 508 525 548 neque
551 493 808 535 Tarentinos
843 508 934 535 esse
967 508 1040 535 eos
1073 494 1145 535 sed
1170 493 1406 548 Romanos3
1438 496 1536 538 inde
1563 498 1780 553 oriundos,

216 553 312 594 inde
345 553 387 593 in
421 552 612 594 colonias
644 554 770 606 atque
796 553 841 593 in
869 566 1019 607 agrum
1046 553 1158 594 bello
1186 556 1358 607 captum
1386 554 1531 608 stirpis
1558 557 1777 610 augendae

218 626 346 653 causa
374 611 546 664 missos,
573 625 681 665 quae
706 611 829 652 liberi
856 611 1104 665 parentibus
1133 612 1348 663 deberent,
1377 626 1426 653 ea
1451 613 1547 654 illos
1568 613 1776 657 Romanis

150 679 191 708 12
219 670 384 724 debere,
417 670 454 710 si
480 669 569 710 ulla
595 670 747 723 pietas,
780 669 815 710 si
841 670 1048 711 memoria
1078 671 1277 724 antiquae
1309 671 1475 725 patriae
1508 675 1631 714 esset.
1682 687 1778 714 con-

219 729 410 770 sulerent
441 728 575 782 igitur
608 728 658 769 de
690 728 882 782 integro:
915 743 1015 768 nam
1046 730 1138 769 tum
1171 729 1336 782 quidem
1372 744 1478 784 quae
1505 732 1665 772 temere
1692 731 1779 786 agi-

217 789 395 841 tassent,
427 801 478 828 ea
508 787 714 840 prodendi
747 787 916 839 imperii
941 786 1138 841 Romani,
1170 788 1400 829 tradendae
1425 788 1662 830 Hannibali
1693 790 1778 831 vic-

557 859 651 886 cum
685 845 864 885 alternis
896 844 1002 886 haec
1034 846 1229 886 consules
1270 846 1341 887 diu
1380 846 1630 901 iactassent,
1668 847 1778 889 nihil

216 905 323 946 moti
362 904 494 959 legati
533 917 669 957 neque
710 917 772 956 sc,
812 903 924 956 quod
964 903 1138 944 domum
1175 905 1489 959 renuntiarent,
1527 906 1685 947 habere
1718 906 1778 947 di-

214 965 386 1016 xerunt,
417 977 554 1016 neque
589 964 784 1003 senatum
817 976 959 1015 suum,
999 962 1110 1016 quod
1148 963 1249 1004 novi
1288 964 1549 1018 consuleret,
1588 965 1662 1006 ubi
1698 978 1776 1006 nec

217 1022 352 1075 miles,
386 1021 458 1076 qui
490 1021 716 1076 legeretur,
748 1034 825 1061 nec
857 1020 1049 1074 pecunia,
1083 1035 1189 1075 quae
1223 1020 1394 1062 daretur
1426 1022 1470 1063 in
1504 1023 1778 1077 stipendium,

399 1094 494 1120 cum
522 1079 762 1121 obstinatos
795 1093 866 1120 eos
898 1079 1092 1120 viderent
1124 1079 1339 1133 consules,
1372 1094 1463 1121 rem
1496 1081 1548 1122 ad
1579 1084 1775 1123 senatum

214 1139 480 1188 detulerunt,
513 1138 586 1179 ubi
617 1140 762 1178 tantus
795 1152 929 1191 pavor
962 1138 1115 1179 animis
1148 1137 1371 1179 hominum
1404 1141 1469 1180 est
1499 1139 1697 1194 iniectus,
1728 1142 1778 1181 ut

213 1211 370 1252 magna
410 1212 510 1252 pars
551 1199 692 1238 actum
732 1196 782 1237 de
819 1197 999 1250 imperio
1038 1196 1244 1238 dicerent:
1290 1197 1402 1238 idem
1441 1197 1549 1239 alias
1587 1199 1776 1240 colonias

214 1256 420 1309 facturas,
464 1255 576 1296 idem
615 1255 772 1308 socios,
811 1255 1080 1297 consensisse
1113 1255 1250 1297 omnis
1283 1256 1335 1297 ad
1368 1256 1629 1310 prodendam
1661 1255 1778 1298 Han-

143 1320 191 1355 10
215 1315 352 1356 nibali
372 1315 522 1356 urbem
543 1314 796 1355 Romanam.
849 1313 1058 1356 Consules
1078 1314 1242 1356 hortari
1270 1316 1313 1355 et
1338 1315 1552 1356 consolari
1579 1317 1777 1357 senatum

215 1376 257 1414 et
289 1374 428 1414 dicere
462 1373 570 1414 alias
605 1372 795 1414 colonias
829 1373 873 1413 in
904 1373 986 1413 fide
1020 1375 1146 1427 atque
1179 1373 1322 1414 officio
1355 1374 1537 1427 pristino
1564 1374 1672 1415 fore:
1706 1388 1776 1415 eas

216 1446 383 1486 quoque
415 1432 545 1485 ipsas,
580 1446 685 1486 quae
719 1431 861 1473 officio
895 1431 1166 1481 decesserint,
1200 1432 1234 1472 si
1269 1432 1400 1486 legati
1430 1432 1540 1472 circa
1567 1447 1638 1473 eas
1665 1429 1780 1474 colo-x

214 1491 308 1532 nias
341 1491 579 1543 mittantur,
615 1490 686 1544 qui
719 1490 944 1545 castigent,
977 1505 1064 1531 non
1097 1490 1168 1544 qui
1200 1493 1444 1544 precentur,
1477 1491 1775 1532 verecundiam

164 1559 184 1589 2
213 1549 381 1603 imperii
418 1548 642 1590 habituras
682 1562 785 1590 esse.

854 1549 1110 1602 permissum
1152 1549 1204 1589 ab
1245 1551 1397 1590 senatu
1438 1549 1489 1589 iis
1523 1563 1617 1590 cum
1651 1552 1777 1603 esset,

211 1610 388 1663 agerent
431 1608 721 1662 facerentque,
766 1609 813 1648 ut
851 1621 871 1648 e
911 1621 956 1648 re
995 1607 1168 1661 publica
1207 1607 1428 1661 ducerent,
1474 1608 1775 1661 pertemptatis

259 1727 290 1758 9.
317 1724 357 1757 in
383 1724 545 1757 animum
570 1723 756 1767 inducere]
795 1739 838 1751 =
877 1723 955 1757 sich

211 1769 483 1812 entschliessen‚
510 1769 602 1803 wircl
628 1769 687 1804 bei
710 1770 788 1803 Liv.
816 1770 953 1814 gleich-

210 1816 345 1861 massig
370 1817 439 1850 mit
464 1820 503 1851 ut
528 1816 602 1850 und
629 1816 697 1850 Inf.
724 1816 954 1858 verbunden3

213 1863 337 1898 Cicero
377 1865 462 1908 sagt
494 1864 655 1898 animum
686 1864 856 1898 inducere
885 1863 957 1897 mit

210 1911 293 1946 dem
318 1910 497 1951 Infinitiv3
536 1910 669 1944 anders
697 1921 724 1945 c.
755 1914 809 1952 12,
839 1914 868 1945 7.

258 1962 312 1992 10.
357 1961 530 2002 tanquam
578 1958 721 2002 inteyra
769 1957 820 2002 re]
871 1957 955 2000 „als

208 2015 316 2039 wenn
359 2003 419 2038 (lie
458 2004 575 2038 Sache
616 2004 713 2038 noch
747 2006 956 2039 unerortert

209 2053 348 2093 νῶι-ψ,
370 2052 423 2085 oft
436 2061 507 2085 rem
518 2052 693 2095 inteyram
702 2052 848 2093 referre:
865 2051 956 2086 tiber

211 2098 291 2133 eine
317 2098 414 2132 noch
439 2098 545 2132 nicht
569 2098 810 2132 verbandelte
837 2097 955 2132 Sache

209 2145 412 2180 berichten.

260 2196 312 2226 11.
339 2193 398 2226 sect
422 2191 622 2236 Romanos]
652 2202 688 2225 es
716 2191 807 2225 wird
834 2192 955 2226 ausser

210 2240 341 2283 Augen
360 2238 541 2283 gelassen,
564 2238 643 2272 dass
664 2238 723 2273 die
738 2238 955 2273 Kolonisten

210 2285 411 2330 eigentlich
438 2285 588 2320 Latiner
614 2285 706 2319 sind.

257 2333 341 2366 inde
376 2332 565 2377 oriundos]
617 2331 683 2365 das
726 2332 787 2366 bei
829 2331 956 2367 Cicero

210 2379 361 2423 seltene,
387 2379 492 2412 mehr
512 2379 757 2414 dichterische
779 2380 957 2413 oriundus

208 2425 258 2460 ist
290 2426 349 2460 bei
382 2426 460 2460 Liv.
494 2425 620 2470 haufig
652 2425 710 2459 fiir
734 2426 956 2470 Herleitung

210 2473 274 2508 der
317 2471 590 2517 Abstammung
639 2484 703 2507 aus
751 2473 956 2507 fernerer

209 2519 327 2562 Zeit,
353 2519 421 2553 mit
433 2520 528 2562 inde,
544 2520 650 2562 uncle,
671 2532 705 2561 a„
724 2530 776 2554 eac.
805 2531 833 2554 e.
850 2524 906 2563 30,
923 2524 954 2555 9.

210 2577 244 2601 se
257 2587 296 2591 —
311 2578 354 2601 ea:
372 2578 414 2601 ea
427 2567 620 2601 civitate—
633 2568 806 2601 oriundos
819 2567 952 2609 ferunt.

256 2614 382 2657 stirpis
402 2614 588 2658 auqeozclae
601 2614 746 2658 causae]
763 2625 847 2656 „zur
862 2614 950 2648 Ver-

209 2660 389 2705 mehrung
398 2661 462 2694 der
471 2660 763 2705 Bevolkerung“,
772 2660 833 2703 34,
842 2664 897 2703 58,
909 2665 950 2695 13

209 2707 335 2750 stirpis
355 2708 540 2751 anyemlae
563 2718 684 2742 causa.
712 2728 755 2733 —
782 2708 860 2742 Liv.
887 2708 953 2741 hat

208 2754 398 2788 mehrfach
445 2754 510 2788 das
561 2756 664 2789 sonst
705 2754 952 2789 dichterische

209 2800 319 2844 stirps
338 2799 523 2834 kollektiv
545 2817 587 2829 =
609 2802 722 2836 liberi.
749 2801 809 2846 23,
831 2805 887 2844 30,
910 2805 950 2835 11

209 2847 391 2881 maximus
415 2848 551 2891 stirpis.

1078 1726 1131 1756 12,
1147 1733 1189 1757 (ἀ
1202 1722 1386 1766 prodendi
1407 1723 1552 1766 imperii
1562 1743 1603 1748 —
1613 1723 1699 1769 esse]
1711 1723 1776 1757 der

1029 1769 1178 1804 Genitiv
1212 1769 1275 1803 des
1303 1768 1573 1804 Gerundivums
1607 1769 1676 1804 mit
1706 1780 1777 1805 esse

1029 1828 1090 1850 zur
1110 1815 1371 1860 Bezeichnung
1396 1816 1538 1860 dessen,
1563 1827 1667 1851 wozu
1694 1816 1775 1851 eine

1030 1863 1147 1898 Sache
1163 1863 1266 1897 dient
1286 1863 1375 1897 oder
1389 1863 1561 1907 geeignet
1579 1863 1639 1908 ist,
1660 1863 1777 1898 findet

1029 1910 1107 1944 sich
1134 1910 1193 1944 bei
1221 1909 1347 1945 Cicero
1374 1910 1449 1944 und
1476 1910 1616 1945 Sallust
1642 1909 1774 1955 selten,

1028 1957 1090 1991 bei
1116 1957 1194 1991 Liv.
1223 1957 1287 1991 oft.

1078 2009 1131 2039 13.
1159 2004 1325 2049 alternis]
1378 2015 1451 2049 erg.
1503 2005 1658 2046 vicibus;
1709 2003 1774 2038 ad-

1027 2051 1224 2085 verbicller
1242 2050 1406 2086 Ablativ.
1434 2051 1494 2094 22,
1509 2055 1565 2094 41,
1580 2056 1600 2086 3
1627 2052 1778 2086 alternis

1027 2099 1285 2142 imperitabant
1312 2109 1385 2142 erg.
1413 2098 1548 2132 (liebus.

1076 2155 1106 2179 c.
1142 2145 1200 2188 10,
1230 2149 1260 2179 1.
1288 2145 1327 2178 in
1352 2146 1421 2187 side
1447 2148 1552 2189 atque
1584 2145 1703 2188 officio
1730 2164 1772 2169 —

1026 2192 1119 2237 fore]
1143 2192 1219 2235 „sie
1239 2191 1389 2225 wiirden
1404 2190 1441 2224 in
1463 2192 1527 2225 der
1547 2190 1775 2235 Treupflicht

1028 2239 1268 2279 verharren“;
1310 2237 1379 2271 wie
1429 2238 1467 2271 in
1495 2241 1671 2282 potestate
1705 2247 1775 2272 esse

1031 2285 1222 2320 offizieller
1247 2284 1450 2319 Ausdrnck.

1078 2343 1138 2366 eas
1163 2342 1299 2376 quoque
1330 2331 1443 2376 ipsas]
1471 2332 1573 2365 sonst
1593 2332 1676 2375 sagt
1695 2330 1774 2365 Liv.

1029 2379 1102 2413 fast
1136 2378 1393 2413 ausnahmslos
1431 2381 1462 2412 ct
1487 2379 1572 2422 ipse.
1624 2388 1652 2412 c.
1681 2381 1713 2421 4,
1742 2381 1772 2412 7.

1031 2429 1087 2468 27,
1104 2430 1134 2460 7.
1156 2429 1282 2468 28,16.
1305 2429 1361 2467 32,
1376 2429 1396 2458 4
1411 2436 1443 2459 u.
1461 2428 1492 2460 G.
1514 2429 1568 2467 43,
1582 2428 1602 2458 8
1622 2436 1656 2459 u.
1678 2435 1705 2457 s.
1726 2435 1771 2458 w.

1076 2473 1328 2507 verecundiam
1375 2472 1520 2515 imperii
1562 2469 1770 2515 habituras]

1029 2520 1203 2562 „wiirden
1214 2519 1308 2553 noch
1318 2516 1768 2561 Ehrturchtempfinden“.

1026 2566 1101 2610 vgl.
1134 2565 1193 2610 23,
1220 2570 1252 2609 4,
1281 2569 1312 2600 6.
1347 2565 1407 2609 (R.
1435 2565 1636 2609 imperium)
1665 2565 1770 2598 euius

1025 2614 1150 2657 aliqua
1175 2613 1390 2647 verecundia
1415 2616 1502 2646 erat.

1072 2664 1103 2695 2.
1131 2663 1273 2705 afferent
1291 2660 1526 2702 facerentque,
1552 2660 1593 2691 ut
1612 2667 1629 2691 e
1647 2667 1685 2691 re
1698 2667 1770 2700 pu—

1025 2708 1119 2741 blica
1144 2706 1328 2751 [lucerent]
1354 2705 1499 2739 Formel
1529 2704 1593 2738 der
1619 2702 1769 2737 Senats-

1024 2754 1257 2795 beschltisse,
1293 2753 1360 2786 mit
1391 2751 1455 2786 der
1487 2750 1558 2785 den
1589 2749 1767 2784 Beamten

1026 2800 1240 2835 Vollmacht
1265 2799 1488 2842 fibertragen
1512 2797 1647 2832 wurde.

1068 2847 1317 2892 pertemptatis
1332 2844 1480 2890 animis]
1502 2856 1567 2880 vor
1580 2842 1768 2888 Bcrufung
