1926 3219
159 131 186 149 a.
209 123 261 149 Ch.
282 124 342 148 210.
363 124 422 148 201).

674 109 815 144 LIBER
840 109 986 146 XXVII.
1037 109 1137 145 CAP.
1167 115 1197 145 6.
1663 112 1710 150 11

159 217 354 258 Bubulco
387 219 552 258 creatus
587 219 710 270 esset,
744 230 890 258 recens
919 216 966 266 Q.
991 216 1111 271 Fabi,
1145 218 1216 271 qui
1243 217 1324 258 sibi
1351 217 1590 258 continuari
1617 232 1713 259 con-

160 276 364 328 sulatum,
396 275 480 316 nisi
513 275 554 316 id
586 275 697 316 bono
730 276 903 329 publico
934 276 1065 330 fieret,
1097 277 1290 330 profecto
1322 290 1541 330 nunquam
1575 277 1712 317 sisset.

158 334 224 375 his
268 334 535 375 orationibus
581 348 675 375 cum
721 334 793 374 diu
831 336 1040 375 certatum
1079 337 1207 389 esset,
1246 336 1462 388 postremo
1502 335 1563 376 ita
1601 336 1712 375 inter
1739 344 1758 371 9

159 392 412 433 dictatorem
445 407 493 434 ac
526 393 720 434 tribunos
753 393 968 445 convenit,
1006 395 1052 433 ut
1083 407 1149 446 eo,
1183 393 1294 447 quod
1327 393 1561 434 censuisset
1593 408 1712 434 sena-

156 453 226 491 tus
235 483 246 504 ,
284 454 479 492 staretur.

540 451 734 504 patribus
773 451 813 491 id
849 453 1018 503 tempus
1051 452 1108 491 rei
1143 451 1339 504 publicae
1372 451 1512 492 visum
1543 454 1626 505 est,
1666 455 1713 492 ut
1742 459 1784 489 10

157 523 233 562 per
270 511 434 550 veteres
472 512 515 551 et
553 512 748 562 expertos
787 508 970 561 bellique
1010 509 1169 562 peritos
1210 510 1489 562 imperatores
1533 525 1601 552 res
1639 525 1712 564 pu-

155 566 269 608 blica
295 571 529 621 gereretur-3
563 569 706 620 itaque
733 579 898 606 moram
924 566 1017 606 fieri
1045 566 1230 607 comitiis
1257 581 1344 607 non
1370 567 1550 620 placere.

155 625 406 667 cedentibus
432 626 614 667 tribunis
641 625 813 665 comitia
838 623 1005 676 habita3
1031 624 1236 666 declarati
1263 626 1456 666 consules
1485 625 1532 674 Q.
1553 625 1711 667 Fabius

155 682 368 726 Maximus
402 685 595 737 quintum
622 682 668 730 Q.
695 681 868 723 Fulvius
894 681 1072 723 Flaccus
1099 686 1311 737 quartum.
1368 686 1586 737 praetores
1614 685 1709 726 inde
1739 691 1779 722 12

154 743 285 783 creati
324 742 368 782 L.
407 741 609 783 Veturius
648 740 770 781 Philo
810 739 857 781 Τ.
897 739 1119 789 Quinctius
1161 740 1381 795 Crispinus
1421 741 1466 783 C.
1497 742 1711 784 Hostilius

483 799 808 840 Aurunculeius.

152 800 343 841 Tubulus
394 798 440 840 C.

883 800 1208 853 magistratibus
1259 801 1302 841 in
1356 815 1513 842 annum
1558 803 1711 843 creatis

153 857 199 905 Q.
231 857 408 899 Fulvius
442 857 655 899 dictatura
688 872 731 898 se
764 857 990 898 abdicavit.

267 915 473 957 Extremo
501 917 678 958 aestatis
706 916 832 957 huius
860 915 1009 957 classis
1035 915 1198 958 Punica
1223 918 1396 958 navium
1423 917 1710 973 quadraginta
1741 925 1783 955 13

154 989 250 1016 cum
270 975 485 1028 praefecto
507 974 751 1016 Hamilcare
770 975 816 1016 in
836 973 1075 1015 Sardiniam
1095 976 1275 1017 traiecta
1296 975 1541 1017 Olbiensem
1561 977 1713 1030 primo,

153 1032 263 1087 dein,
289 1035 518 1087 postquam
545 1034 605 1075 ibi
625 1033 668 1075 P.
688 1032 876 1074 Manlius
896 1032 1030 1074 Volso
1056 1037 1232 1087 praetor
1258 1049 1352 1075 cum
1375 1035 1561 1076 exercitu
1582 1050 1714 1090 appa·
1744 1042 1786 1071 14

148 1091 251 1145 ruit,
299 1092 558 1133 circumacta
595 1092 693 1132 inde
733 1092 785 1132 ad
823 1092 1004 1132 alterum
1041 1091 1207 1134 insulae
1245 1093 1376 1146 latus,
1421 1092 1714 1135 Caralitanum

149 1163 300 1204 agrum
333 1151 520 1191 vastavit
553 1153 595 1191 et
627 1165 721 1191 cum
756 1150 915 1204 praeda
942 1151 1081 1191 omnis
1109 1151 1276 1204 generis
1304 1152 1349 1192 in
1373 1151 1565 1192 Africam
1591 1152 1713 1193 redit.

270 1207 519 1250 Sacerdotes
556 1209 740 1250 Romani
787 1223 836 1250 eo
882 1223 994 1250 anno
1040 1210 1198 1251 mortui
1244 1210 1408 1264 aliquot
1446 1210 1712 1265 suffectique:
1742 1217 1783 1246 15

483 1268 679 1322 pontifex
716 1267 854 1309 factus
894 1268 938 1308 in
976 1267 1118 1308 locum
1159 1268 1204 1309 T.
1244 1267 1402 1310 Otacili
1440 1267 1603 1322 Crassi3
1649 1269 1712 1311 Ti.

149 1265 194 1308 C.
236 1266 440 1308 Servilius

100 1341 104 1346 ⁸
151 1323 429 1380 Sempronius
469 1326 530 1367 Ti.
569 1327 596 1366 f.
635 1325 809 1380 Longus
857 1339 994 1380 augur
1031 1326 1170 1367 factus
1211 1327 1256 1367 in
1293 1327 1434 1368 locum
1472 1327 1516 1368 T.
1557 1327 1713 1369 Otacili

105 1396 108 1402 ’
151 1382 315 1437 Crassi3
355 1384 566 1425 decemvir
598 1384 700 1424 item
733 1384 864 1425 sacris
898 1384 1109 1425 faciundis
1141 1385 1184 1425 in
1216 1385 1358 1426 locum
1391 1385 1455 1427 Ti.
1488 1385 1714 1440 Semproni

154 1440 199 1483 C.
225 1442 252 1483 f.
277 1442 416 1497 Longi
442 1442 505 1484 Ti.
531 1441 808 1496 Sempronius
836 1442 900 1483 Ti.
925 1442 952 1484 f.
978 1442 1154 1497 Longus
1185 1444 1399 1485 suffectus.
1448 1443 1505 1484 M.
1525 1444 1710 1486 Marcius
1741 1450 1783 1482 16

145 1514 221 1541 rex
272 1515 490 1542 sacrorum
534 1504 729 1542 mortuus
775 1504 839 1542 est
883 1503 925 1541 et
967 1500 1023 1542 M.
1066 1502 1274 1543 Aemilius
1312 1501 1455 1556 Papus
1501 1503 1710 1545 maximus

141 1559 289 1611 curi03
322 1573 460 1613 neque
492 1560 536 1600 in
569 1574 714 1601 eorum
746 1560 888 1601 locum
922 1559 1165 1602 sacerdot-es
1198 1575 1247 1602 eo
1282 1575 1394 1603 anno
1428 1561 1605 1603 suffecti.

261 1616 321 1658 Et
358 1633 554 1660 censores
593 1619 661 1659 hic
700 1633 835 1659 annus
866 1618 1038 1672 habuit,
1077 1618 1122 1660 L.
1155 1619 1381 1661 Veturium
1413 1619 1636 1662 Philonem
1669 1624 1710 1662 et
1740 1627 1781 1657 17

141 1732 281 1767 seltene
297 1733 578 1769 Konstruktion.
605 1733 678 1778 vgl.
699 1733 759 1777 30,
775 1738 832 1776 30,
849 1738 891 1768 16

142 1780 233 1814 satis
258 1790 319 1824 eyo
345 1781 549 1815 documenti
579 1781 619 1815 in
644 1782 760 1816 omnis
786 1792 892 1816 casus

141 1836 232 1861 sum.

193 1874 285 1907 bono
294 1873 461 1918 publico]
473 1890 516 1902 =
526 1885 629 1916 „zum
644 1874 892 1919 allgemeinen

144 1919 300 1963 Wohle,
327 1920 379 1954 im
405 1920 643 1955 offentlichen
670 1921 890 1963 Interesse“;

141 1966 286 2011 haufig3
325 1979 353 2002 z.
381 1967 421 2001 B.
449 1966 515 2010 29,
542 1971 598 2011 27,
632 1972 662 2001 9.
696 1968 786 2003 bono
823 1970 891 2003 rei-

133 2014 306 2057 publicae
331 2024 480 2058 suoque3
508 2014 729 2059 Gegensatz:
755 2014 790 2057 4,
811 2019 843 2060 4,
865 2019 884 2049 5

137 2061 290 2104 pessimo
311 2061 470 2104 publico.

187 2107 262 2141 nisi
282 2127 326 2132 —
345 2108 459 2153 fieret]
485 2107 548 2142 der
567 2107 887 2153 Bedingungssatz

140 2153 242 2188 steht
276 2153 326 2188 im
352 2154 572 2198 Imperfekt,
599 2154 684 2189 weil
715 2166 754 2190 er
779 2155 887 2190 einen

140 2200 386 2245 allgemeinen
453 2201 656 2236 Gedanken
724 2203 884 2237 enthfflt:

142 2258 274 2290 „wenn
301 2258 339 2281 es
363 2247 469 2282 nicht
495 2268 538 2273 ——
565 2251 696 2283 ware“.

192 2297 224 2328 9.
257 2295 312 2329 ita
337 2314 381 2319 —
408 2295 586 2340 convenit]
622 2295 686 2330 der
715 2296 890 2331 Diktator

144 2338 235 2374 hirst
258 2341 336 2375 sich
363 2341 441 2376 also
471 2342 538 2376 auf
559 2342 665 2377 einen
691 2342 890 2388 Vergleich

145 2386 216 2430 ein,
241 2387 400 2423 beendet
424 2388 484 2423 die
503 2389 694 2424 Komitien
713 2390 788 2424 und.
808 2391 890 2435 sagt

146 2443 241 2467 neue
267 2444 324 2469 an.

196 2483 250 2514 13.
277 2484 430 2516 extremo
465 2483 627 2528 aestatis]
664 2483 890 2527 temporaler

144 2526 298 2562 Ablativ
333 2527 396 2562 des
430 2528 758 2564 substantivierten
792 2529 890 2564 Neu-

144 2574 279 2616 trums3
306 2573 367 2618 35,
390 2579 444 2618 13,
459 2579 480 2609 4
500 2579 653 2611 extremo
672 2577 747 2611 iam
765 2577 892 2611 hiemis

145 2619 328 2655 wiesonst
341 2622 442 2656 exitu
455 2624 558 2664 anni,
574 2634 603 2658 0.
621 2627 692 2665 7,1.
707 2635 741 2658 u.
757 2635 776 2657 c
794 2627 889 2667 17,1.

147 2667 294 2701 aestatis
312 2669 511 2712 principio.

196 2712 321 2747 classis
358 2715 523 2761 traiecta]
570 2716 803 2759 gewo'hnlich
841 2716 891 2751 ist

147 2758 208 2793 bei
234 2760 384 2794 traicere
409 2761 467 2796 die
485 2761 624 2797 Person
650 2763 738 2797 oder
760 2762 889 2804 Sache‚

148 2805 289 2836 welche
315 2805 651 2848 hinubergefahren
678 2809 787 2850 wird,
816 2808 888 2842 Ob—

145 2848 238 2893 jekt.
290 2847 396 2884 Doch
429 2849 494 2893 10,
521 2855 557 2894 2,
591 2857 633 2886 10
665 2856 801 2888 nautae
834 2863 889 2887 co—

964 1738 1103 1777 yuntur
1127 1745 1237 1769 naves
1268 1755 1312 1760 —
1343 1736 1385 1770 in
1414 1736 1564 1771 alteram
1590 1736 1709 1779 ripam

965 1782 1117 1816 traicere
1142 1793 1174 1815 u.
1204 1785 1236 1816 ὃ.

1015 1831 1068 1861 15.
1095 1828 1286 1874 inlocum]
1315 1840 1385 1872 „an
1409 1828 1558 1864 Stelle‘R
1585 1828 1710 1864 Durch

965 1873 1024 1908 die
1043 1874 1157 1908 Wahl
1184 1874 1276 1909 wird
1290 1876 1444 1919 jemand
1469 1876 1565 1910 nach
1589 1876 1710 1910 einem

964 1921 1099 1955 Posten
1114 1921 1190 1955 hin
1199 1922 1402 1966 geschickt,
1422 1923 1494 1956 fiir
1508 1923 1711 1958 denselben

965 1968 1174 2008 bestimmt;
1195 1969 1268 2013 vgl.
1291 1980 1319 2004 c.
1336 1973 1368 2011 3,
1384 1973 1404 2003 9
1418 1971 1459 2003 in
1466 1971 1708 2013 praesidium.

1006 2015 1192 2060 suffectus]
1232 2026 1394 2060 genauer
1431 2020 1528 2050 ware
1566 2020 1709 2060 coopta-

959 2064 1034 2105 tus,
1066 2073 1141 2096 was
1169 2061 1247 2096 Liv.
1277 2062 1414 2107 jedoch
1445 2063 1550 2098 nicht
1578 2063 1710 2098 immet

959 2108 1268 2153 berficksichtigt.
1303 2109 1376 2154 vgl.
1411 2121 1440 2144 c.
1474 2113 1507 2153 8,
1542 2115 1573 2146 4.
1607 2122 1642 2144 u.
1675 2122 1708 2145 o.

1009 2159 1063 2190 16.
1090 2166 1155 2190 rea*
1179 2156 1381 2201 sacrorum]
1410 2173 1453 2185 =
1480 2168 1544 2191 γεω
1569 2158 1708 2200 sacrifi-

960 2203 1064 2238 culus
1074 2219 1118 2231 =
1135 2202 1381 2248 Opferkonig3
1397 2204 1455 2238 ein
1464 2203 1634 2247 Priester,
1644 2204 1709 2238 der

962 2249 1057 2284 nach
1092 2249 1345 2295 Abschaffung
1384 2250 1448 2284 des
1484 2250 1707 2296 Konigtums

963 2296 1021 2330 die
1056 2297 1337 2340 priesterlichen
1371 2298 1398 2331 F
1401 2297 1607 2332 unktionen
1644 2298 1707 2332 des

962 2343 1103 2388 Konigs
1126 2343 1201 2377 und
1221 2344 1347 2379 seinen
1367 2343 1465 2378 Titel
1482 2345 1705 2388 fibernahm3

962 2400 1050 2423 man
1081 2390 1266 2425 ffirchtete
1299 2391 1358 2425 die
1389 2392 1516 2435 reliyio
1550 2403 1595 2426 zu
1627 2402 1707 2426 ver-

962 2436 1099 2480 letzen,
1132 2448 1237 2471 wenn
1271 2437 1330 2471 ein
1370 2438 1525 2473 anderer
1559 2439 1614 2473 als
1647 2438 1708 2473 ein

961 2494 1026 2518 rex
1052 2483 1186 2528 opfere.

1009 2532 1192 2565 mamimus
1210 2531 1329 2576 curio]
1357 2530 1524 2566 derselbe
1544 2531 1633 2566 fibte
1647 2531 1707 2566 die

963 2577 1160 2620 geistliche
1205 2578 1466 2612 Oberaufsicht
1511 2579 1601 2613 siber
1647 2578 1706 2612 die

964 2622 1238 2659 Gottesdienste
1292 2625 1506 2659 samtlicher
1556 2624 1706 2659 Kurien.

963 2669 1032 2704 Die
1064 2670 1335 2714 Wortstellung
1365 2671 1501 2704 weicht
1535 2682 1608 2705 von
1643 2672 1708 2705 der

963 2717 1248 2760 gewo'hnlichen
1297 2718 1362 2760 ab,
1406 2718 1474 2751 wie
1523 2729 1552 2752 c.
1597 2722 1635 2761 8,
1676 2723 1706 2752 1.

962 2764 1115 2797 maximi
1134 2764 1312 2803 curiom's;
1340 2774 1459 2806 gegen
1479 2763 1513 2806 3,
1536 2769 1567 2804 7,
1589 2768 1618 2797 7.
1646 2774 1707 2797 cu-

962 2810 1018 2843 rio
1043 2809 1234 2843 mamimus.
1284 2807 1358 2851 vgl.
1386 2812 1404 2850 ξ
1428 2812 1482 2842 17.
1507 2810 1706 2844 maasimum

956 2855 1174 2898 pontificem.

1613 583 1711 609 con-
1742 575 1780 605 11
