1926 3219
681 687 896 733 Periocha
935 688 1043 733 libri
1081 689 1251 734 XXVII.

308 856 382 899 Cn.
426 858 603 900 Fulvius
654 859 882 912 proconsul
934 873 1027 900 cum
1078 861 1262 901 exercitu
1303 861 1356 902 ab
1400 860 1645 903 Hannibale
1691 861 1743 903 ad

189 916 464 958 Herdoneam
501 931 648 958 caesus
689 922 764 957 est.
831 917 1008 958 meliore
1047 921 1200 959 eventu
1239 919 1292 960 ab
1332 918 1508 961 Claudio
1540 920 1744 962 Marcello

192 975 365 1016 consule
392 975 595 1016 adversus
622 975 800 1016 eundem
828 975 880 1015 ad
906 974 1228 1017 Numistronem
1254 981 1491 1032 pugnatum
1518 982 1592 1019 est.
1648 979 1746 1020 inde

190 1033 410 1074 Hannibal
455 1036 580 1074 nocte
622 1034 813 1087 recessit3
858 1033 1085 1075 Marcellus
1125 1035 1340 1076 insecutus
1380 1039 1444 1076 est
1485 1039 1527 1076 et
1567 1037 1746 1078 subinde

191 1092 410 1132 cedentem
448 1093 621 1145 pressit,
668 1092 799 1133 donec
839 1092 1097 1147 confligeret.
1164 1094 1307 1147 priore
1345 1107 1491 1148 pugna
1528 1094 1747 1136 Hannibal

192 1150 401 1203 superior,
445 1150 674 1191 Marcellus
716 1151 922 1205 sequenti.
989 1150 1147 1192 Fabius
1184 1151 1396 1192 Maximus
1440 1153 1586 1194 consul
1625 1157 1747 1207 pater

192 1208 449 1249 Tarentinos
511 1223 586 1262 per
648 1209 937 1263 proditionem
999 1211 1170 1263 recepit.
1258 1209 1461 1252 Claudius
1518 1211 1746 1252 Marcellus

191 1266 236 1307 T.
270 1266 490 1315 Quinctius
524 1266 749 1321 Crispinus
783 1268 997 1321 eonsules,
1030 1268 1276 1322 speculandi
1308 1283 1436 1310 causa
1467 1270 1685 1324 progressi
1725 1284 1746 1311 e

192 1326 362 1378 castris,
411 1325 577 1367 insidiis
629 1327 682 1367 ab
725 1325 968 1367 Hannibale
1017 1327 1293 1368 circumventi
1338 1331 1449 1368 sunt.
1521 1327 1748 1370 Marcellus

192 1384 374 1438 occisus,
413 1383 637 1437 Crispinus
676 1385 797 1439 fugit.
859 1386 1042 1425 lustrum
1082 1401 1106 1426 a
1145 1386 1389 1427 censoribus
1423 1387 1639 1428 conditum
1672 1389 1746 1430 est.

192 1456 318 1483 censa
356 1445 455 1483 sunt
494 1442 650 1484 civium
683 1444 826 1497 capita
859 1446 1055 1485 CXXXVI}
1095 1456 1224 1498 CV1113
1262 1459 1312 1485 ex
1353 1459 1435 1498 quo
1468 1459 1644 1486 numero
1678 1460 1778 1499 ap·-

190 1501 343 1555 paruit,
377 1504 583 1555 quantum
616 1501 842 1543 hominum
874 1506 939 1544 tot
971 1503 1229 1556 proeliorum
1264 1503 1442 1544 adversa
1473 1503 1645 1544 fortuna
1676 1518 1750 1557 po-

190 1560 294 1614 pulo
334 1558 529 1600 Romano
575 1560 837 1601 abstulisset.
905 1561 949 1602 in
981 1561 1194 1615 Hispania
1237 1561 1289 1602 ad
1328 1560 1559 1602 Baeculam
1605 1560 1749 1616 Scipio

192 1632 286 1659 cum
324 1617 595 1659 Hasdrubale
641 1621 683 1659 et
721 1618 965 1660 Hamilcare
1009 1619 1199 1660 conflixit
1243 1622 1286 1660 et
1328 1620 1441 1661 vicit.
1510 1621 1623 1660 inter
1665 1621 1749 1662 alia

192 1681 363 1730 captum
402 1678 591 1731 regalem
629 1692 808 1731 puerum
841 1678 1020 1719 eximiae
1052 1678 1216 1719 formae
1250 1678 1302 1719 ad
1335 1679 1590 1719 avunculum
1623 1677 1750 1719 Masi-

190 1735 355 1775 nissam
387 1750 482 1776 cum
516 1735 636 1776 donis
669 1736 844 1777 (limisit.
907 1735 1167 1789 Hasdrubal,
1199 1737 1270 1790 qui
1303 1751 1398 1778 cum
1425 1737 1611 1778 exercitu
1636 1751 1748 1779 novo

191 1792 325 1847 Alpes
357 1794 695 1844 transcenderat,
726 1797 775 1835 ut
802 1809 845 1835 se
871 1794 1109 1836 Hannibali
1135 1795 1424 1849 coniungeret,
1455 1809 1550 1836 cum
1576 1795 1749 1837 milibus

190 1851 412 1892 hominum
453 1864 531 1893 LVI
570 1867 717 1894 caesus
758 1856 839 1906 est,
879 1857 1003 1907 capta
1028 1856 1150 1895 'VCCC
1180 1853 1236 1895 M.
1262 1853 1357 1895 Livi
1391 1854 1578 1895 consulis
1611 1853 1751 1907 ductu,

193 1910 266 1951 sed
292 1925 379 1951 non
405 1912 569 1952 minore
597 1925 727 1965 opera
753 1910 904 1953 Claudi
929 1912 1114 1954 Neronis
1142 1913 1341 1966 consulis,
1368 1913 1440 1967 qui
1466 1927 1560 1954 cum
1587 1911 1749 1953 Hanni-

191 1968 279 2009 bali
327 1970 549 2023 oppositus
591 1973 720 2023 esset,
764 1970 922 2012 relictis
962 1971 1115 2012 castris
1153 1971 1231 2025 ita,
1274 1973 1323 2012 ut
1359 1971 1527 2012 hostem
1564 1970 1746 2024 falleret,

193 2041 288 2067 cum
327 2027 462 2069 electa
499 2043 628 2069 manu
666 2028 883 2082 profectus
918 2029 1233 2071 Hasdrubalem
1272 2030 1619 2071 circumvenerat.
1681 2043 1748 2070 res

190 2087 414 2139 praeterea
446 2101 470 2127 a
500 2087 545 2127 P.
579 2086 774 2140 Scipione
807 2088 851 2128 in
884 2087 1098 2141 Hispania
1131 2091 1173 2129 et
1205 2103 1229 2129 a
1255 2088 1300 2129 P.
1333 2087 1520 2142 Sulpicio
1553 2090 1749 2141 praetore

191 2143 395 2185 adversus
428 2144 673 2199 Philippum
708 2148 749 2186 et
781 2146 975 2187 Achaeos
1008 2150 1152 2202 gestas
1186 2151 1385 2188 continet.
