1926 3219
190 114 245 156 72
647 113 792 148 LIBER
817 113 966 148 XXVII.
1016 113 1117 148 CAP.
1144 117 1199 148 41.
1227 118 1281 149 42.
1564 134 1588 153 ι.
1609 126 1660 152 ch.
1681 128 1740 154 207.

144 230 164 261 9
191 222 248 263 tis
293 235 414 262 ruere
459 234 507 261 ac
545 220 678 273 palati
715 233 790 272 per
828 233 1024 273 campum
1063 233 1292 273 properare
1331 220 1383 261 ad
1419 221 1568 263 hostis.
1637 235 1742 275 quos

188 280 263 321 ubi
307 279 461 319 effusos
512 277 659 318 consul
709 276 842 330 videt,
898 277 1073 318 tribuno
1124 277 1311 318 militum
1360 279 1511 320 tertiae
1561 280 1741 334 legionis

188 336 233 379 C.
271 335 558 377 Aurunculeio
604 336 805 389 imperat,
848 337 897 375 ut
937 335 1099 388 equites
1137 334 1319 389 legionis
1358 341 1516 390 quanto
1555 338 1739 379 maximo

117 404 162 435 10
188 397 351 449 impetu
382 394 520 448 possit
552 393 597 434 in
628 393 797 434 hostem
830 393 1017 434 emittat:
1049 392 1111 434 ita
1141 407 1345 446 pecorum
1376 394 1500 438 modo
1527 396 1743 449 incompo-

189 454 294 495 sitos
326 455 418 494 toto
450 451 613 506 passim
646 465 798 506 campo
833 466 877 493 se
909 451 1083 505 fudisse,
1113 454 1162 492 ut
1188 452 1319 493 sterni
1346 451 1578 507 obterique,
1609 455 1742 508 prius-

116 514 167 551 42
189 525 314 565 quam
343 511 622 564 instruantur,
647 510 827 564 possint.
870 509 1073 551 Nondum
1098 508 1319 551 Hannibal
1346 524 1367 550 e
1394 511 1544 552 castris
1572 513 1745 564 exierat,

188 584 284 611 cum
321 569 604 624 pugnantium
651 569 881 610 clamorem
927 568 1098 610 audivit.
1166 569 1308 622 itaque
1353 568 1515 610 excitus
1558 570 1744 611 tumultu

141 638 160 667 2
187 628 345 682 raptim
381 627 432 668 ad
463 627 633 668 hostem
665 627 810 682 copias
843 628 946 682 agit.
994 627 1078 668 iam
1111 627 1272 681 primos
1305 630 1588 681 occupaverat
1620 642 1742 682 eque-

189 687 290 728 stris
323 688 480 739 terror;
512 686 704 740 peditum
737 686 867 727 etiam
894 686 1033 739 prima
1058 685 1172 740 legio
1199 688 1240 726 et
1266 685 1415 726 dextra
1441 685 1511 726 ala
1536 686 1744 740 proelium

191 745 347 798 inibat,
388 744 664 798 incompositi
700 744 868 797 hostes,
906 747 953 784 ut
990 758 1198 798 quemque
1238 747 1311 785 aut
1342 744 1475 798 pediti
1507 747 1581 785 aut
1612 745 1744 799 equiti

143 813 162 843 3
191 818 314 846 casus
356 803 531 856 obtulit,
568 804 629 844 ita
667 804 898 844 conserunt
937 817 1102 843 manus.
1163 803 1315 844 crescit
1361 817 1508 857 pugna
1547 803 1747 844 subsidiis

191 865 233 903 et
264 862 604 916 procurrentium
639 861 688 901 ad
723 863 937 902 certamen
968 875 1144 902 numero
1186 864 1382 915 augetur3
1421 862 1749 916 pugnantisque,

191 920 304 975 quod
347 920 431 961 nisi
477 921 521 961 in
565 922 707 960 vetere
749 920 937 960 exercitu
975 922 1018 960 et
1057 918 1152 960 duci
1190 920 1323 960 veteri
1360 919 1472 960 haud
1511 920 1634 962 facile
1673 924 1749 973 est,

142 988 164 1018 4
189 980 301 1020 inter
327 979 557 1020 tumultum
585 992 633 1019 ac
659 980 867 1019 terrorem
886 977 1163 1018 instruxisset
1181 976 1412 1030 Hannibal,
1438 978 1481 1018 ni
1508 978 1748 1020 cohortium

191 1052 239 1079 ac
271 1037 592 1092 manipulorum
624 1036 939 1078 decurrentium
970 1050 1046 1091 per
1073 1035 1194 1077 collis
1221 1036 1380 1077 clamor
1407 1036 1459 1076 ab
1486 1039 1607 1090 tergo
1634 1037 1749 1078 audi-

144 1105 163 1135 ὅ
191 1098 260 1137 tus
286 1098 458 1149 metum,
490 1110 544 1136 ne
570 1095 956 1137 intercluderentur
982 1109 1006 1136 a
1032 1094 1196 1147 castris,
1222 1094 1452 1135 iniecessit.
1495 1094 1591 1136 inde
1617 1109 1751 1149 pavor

191 1154 386 1196 incussus
426 1157 469 1195 et
506 1155 611 1208 fuga
647 1154 809 1208 passim
847 1154 939 1194 fieri
986 1155 1137 1206 coepta
1183 1156 1260 1194 est.
1334 1153 1556 1207 minorque
1601 1153 1750 1195 caedes

191 1213 291 1266 fuit,
329 1213 429 1267 quia
460 1213 760 1267 propinquitas
802 1216 1040 1254 castrorum
1079 1211 1316 1253 breviorem
1355 1211 1502 1266 fugam
1544 1212 1751 1266 perculsis

153 1280 172 1311 6
200 1271 312 1313 fecit.
381 1272 544 1324 equites
584 1272 697 1312 enim
734 1275 857 1326 tergo
895 1270 1196 1325 inhaerebant3
1241 1270 1285 1311 in
1325 1272 1571 1311 transversa
1615 1271 1752 1312 latera

194 1330 442 1371 invaserant
474 1330 670 1372 cohortes
703 1329 898 1372 secundis
932 1329 1112 1371 collibus
1144 1329 1215 1370 via
1246 1328 1360 1369 nuda
1392 1343 1439 1370 ac
1465 1328 1581 1370 facili
1608 1329 1751 1370 decur-

147 1397 166 1428 7
193 1391 350 1430 rentes.
411 1391 557 1430 tamen
590 1403 721 1443 supra
753 1392 850 1430 octo
883 1388 1002 1429 milia
1040 1387 1262 1429 hominum
1301 1387 1456 1441 occisa,
1495 1402 1622 1441 supra
1660 1402 1751 1442 sep-

190 1447 409 1502 tingentos
460 1447 595 1502 capti,
644 1447 769 1502 signa
814 1447 1020 1488 militaria
1063 1460 1217 1488 novem
1264 1445 1482 1500 adempta3
1533 1446 1749 1500 elephanti

239 1554 269 1585 9.
305 1551 452 1586 tribuno
502 1550 673 1595 militum]
713 1552 822 1585 unter
865 1550 936 1585 den

191 1597 295 1632 sechs
316 1597 506 1632 Tribunen
526 1598 590 1632 der
608 1597 796 1641 Legionen
816 1597 935 1632 wech-

191 1644 262 1678 selt
287 1643 352 1678 das
378 1644 609 1679 Kommando
635 1644 694 1679 ab.

237 1694 373 1735 quanto
386 1693 544 1727 maximo
559 1711 601 1716 -
611 1691 744 1737 possit]
770 1691 827 1726 die
848 1690 936 1725 Ver·

192 1737 373 1782 starkung
428 1738 491 1773 des
542 1737 770 1782 Superlativs
821 1738 935 1772 durch

192 1788 350 1829 quantus
376 1785 512 1830 erfolgt
538 1785 598 1820 bei
621 1784 696 1818 Liv.
723 1797 802 1827 nur,
828 1796 936 1819 wenn

188 1842 291 1876 posse
316 1831 519 1866 hinzutritt.
548 1843 577 1866 c.
603 1835 660 1874 43,
687 1835 740 1867 12.
769 1843 798 1868 c.
825 1835 881 1874 49,
905 1835 934 1865 1.

242 1882 295 1912 10.
317 1889 488 1922 pecorum
507 1878 626 1924 modo]
654 1879 747 1922 „wie
762 1878 936 1920 Schafe“;

193 1935 232 1959 so
272 1924 360 1960 oder
405 1927 497 1961 velut
529 1926 682 1970 pecudes
727 1926 811 1970 sagt
847 1924 936 1967 Liv.‚

191 1982 299 2007 wenn
319 1982 357 2006 er
370 1972 429 2008 die
444 1972 582 2007 Feinde
603 1972 658 2007 als
672 1972 830 2007 wehrlos
848 1971 938 2007 oder

192 2019 424 2063 ungeordnet
460 2019 696 2061 bezeichnet;
736 2020 770 2061 5,
806 2022 862 2061 44,
900 2022 936 2061 73

192 2066 287 2100 velut
327 2066 481 2110 pecudes
525 2066 721 2109 trucidare3
770 2066 938 2110 dagegen

193 2113 270 2147 ritu
303 2112 465 2154 ferarum
491 2124 676 2157 pugnare:
702 2113 771 2147 wie
803 2113 939 2148 Lowen

192 2159 387 2203 k'ampfem
414 2159 510 2194 doch
539 2160 573 2201 5,
595 2164 651 2203 44,
674 2163 704 2193 6.
745 2161 820 2194 ritu
844 2160 939 2202 fera-

193 2217 275 2240 rum
300 2210 513 2242 sternuntur
546 2223 589 2235 =
623 2207 719 2241 ohne
762 2205 940 2250 Ordnung

193 2253 333 2298 lagei-n.

242 2309 272 2335 c.
307 2299 366 2343 42,
402 2303 431 2334 1.
484 2300 654 2344 equestris
690 2299 821 2345 terror]
866 2299 940 2344 vgl.

195 2358 224 2381 c.
248 2351 279 2389 1,
302 2350 356 2381 11.
375 2359 410 2382 u.
431 2346 490 2389 29,
511 2350 568 2389 35,
590 2351 620 2382 7.
648 2348 825 2382 terrestris
844 2357 941 2381 emer-

196 2394 301 2428 citus.

244 2444 275 2474 3.
303 2441 426 2475 crescit
458 2451 586 2485 puyna
622 2460 666 2465 --
701 2443 732 2474 et
770 2440 939 2486 augetur]

198 2487 262 2521 der
281 2485 422 2531 Kampf
437 2488 573 2522 nimmt
598 2498 639 2520 zu
666 2498 713 2521 an
733 2486 943 2531 Hestigkeit

197 2534 312 2568 durch
363 2533 712 2568 frischanrtiokende
756 2534 941 2578 Truppen,

196 2581 272 2615 und
291 2591 339 2615 an
358 2579 611 2625 Ausdehnung
630 2580 746 2615 durch
771 2580 830 2615 die
851 2581 940 2615 Zahl

198 2627 261 2662 der
288 2627 453 2663 Streiter.

244 2675 319 2709 m’si
340 2694 383 2700 -
403 2674 504 2709 haud
528 2674 653 2720 facile]
681 2675 775 2709 statt
798 2675 873 2709 nisi
898 2695 942 2699 —

197 2732 272 2756 ‘non
303 2732 396 2765 ganz
428 2721 732 2766 ungewohnlich3
765 2733 837 2756 von
864 2721 941 2756 Liv.

199 2768 300 2802 sonet
325 2767 428 2802 nicht
454 2768 706 2813 angewendet.

247 2819 278 2848 4.
305 2818 434 2849 metum
447 2816 590 2850 —inde
603 2815 738 2860 pavor]
765 2818 879 2849 metus
899 2831 942 2843 =

198 2859 468 2905 Beft‘irchtung;
495 2872 615 2905 pavor
645 2879 688 2890 =
715 2861 870 2905 Furcht3
903 2872 942 2895 so

1009 1550 1103 1584 auch
1130 1553 1242 1584 metus
1274 1549 1349 1583 und
1381 1550 1487 1584 timor
1513 1549 1751 1594 geschieden:

1008 1596 1069 1638 28,
1096 1601 1128 1639 3,
1155 1599 1283 1631 9—10.

1057 1647 1088 1678 5.
1122 1643 1324 1687 minorque]
1376 1642 1496 1686 „aber
1544 1642 1741 1687 geringer·‘

1009 1701 1074 1734 que
1088 1689 1254 1725 schliesst
1273 1689 1319 1724 ab
1341 1690 1415 1724 und
1435 1689 1517 1734 ffigt
1536 1689 1631 1724 doch
1648 1689 1755 1724 einen

1010 1737 1216 1781 Gegensatz
1230 1736 1306 1771 bei:
1327 1737 1402 1779 fuit
1416 1737 1547 1780 caedes,
1562 1737 1622 1771 sed
1636 1737 1754 1772 minor

1007 1785 1091 1827 fuit.

1057 1834 1153 1874 teryo
1202 1830 1453 1875 inhaerebant]
1519 1829 1755 1875 gewohnlich

1011 1877 1145 1912 drfickt
1191 1877 1257 1912 das
1302 1877 1466 1921 Simplex
1509 1878 1653 1912 haerere
1695 1877 1755 1912 die

1011 1935 1104 1969 enge
1142 1923 1376 1969 kbrperliche
1414 1924 1633 1969 Ben'ihrung
1670 1935 1756 1958 aus:

1011 1971 1071 2014 23,
1087 1975 1121 2013 9,
1137 1975 1167 2006 9.
1195 1971 1314 2006 osculo
1339 1971 1606 2006 haerens———an
1632 1970 1756 2006 seinen

1011 2018 1152 2063 Lippen
1177 2017 1369 2063 hangend3
1395 2018 1446 2052 im
1473 2016 1583 2052 Sinne
1610 2034 1653 2047 =
1674 2028 1754 2052 ver-

1011 2066 1138 2110 folgen
1172 2066 1256 2110 sagt
1291 2064 1368 2099 Liv.
1408 2066 1511 2099 sonst
1547 2075 1673 2109 uryere
1711 2065 1756 2099 ab

1011 2116 1108 2156 teryo
1134 2112 1222 2147 oder
1247 2116 1347 2156 terya
1373 2113 1524 2147 caedere.

1060 2163 1092 2195 6.
1119 2160 1160 2193 in
1185 2163 1391 2194 transversa
1417 2158 1547 2204 latera]
1576 2168 1670 2201 „von
1693 2158 1758 2192 der

1014 2205 1113 2241 Seite
1147 2206 1212 2241 her
1244 2217 1364 2251 gegen
1396 2205 1454 2240 dic
1480 2206 1507 2239 F
1512 2206 1686 2247 lanken“;
1716 2215 1756 2239 so

1014 2255 1104 2288 stets
1142 2252 1192 2287 im
1231 2252 1406 2297 Adjektiv
1451 2254 1544 2286 statt
1586 2253 1651 2286 der
1694 2251 1755 2285 ad-

1014 2299 1216 2334 verbiellen
1243 2299 1501 2343 Verbindung:
1523 2310 1551 2333 c.
1570 2301 1623 2339 18,
1648 2303 1689 2332 15
1716 2299 1758 2332 in

1014 2350 1236 2381 transversos
1260 2346 1369 2381 hostis
1396 2347 1563 2380 incurrit.
1591 2345 1624 2387 1,
1648 2349 1701 2387 14,
1723 2348 1754 2379 9.

1014 2397 1254 2428 transversam
1282 2413 1325 2417 —
1352 2394 1462 2427 aciem
1488 2404 1522 2426 u.
1550 2402 1581 2426 o.

1060 2441 1270 2475 invaserant
1297 2460 1338 2464 —
1369 2440 1422 2484 in]
1456 2438 1535 2473 Liv.
1562 2436 1756 2473 verbindet

1014 2487 1148 2521 invado
1179 2499 1246 2521 nur
1276 2487 1372 2521 noch
1397 2486 1431 2529 2,
1458 2490 1514 2528 47,
1541 2489 1560 2519 6
1593 2484 1668 2519 und
1693 2484 1753 2526 28,

1014 2538 1076 2575 29,
1110 2538 1129 2567 3
1169 2534 1237 2568 mit
1281 2535 1320 2568 in
1363 2545 1396 2567 u.
1435 2532 1469 2568 d.
1510 2535 1657 2574 Accus.‚
1702 2535 1755 2574 (so

1015 2583 1106 2616 stets
1144 2580 1204 2615 bei
1242 2580 1400 2624 Cicero),
1439 2581 1540 2614 sonet
1576 2590 1644 2612 nur
1687 2578 1756 2612 mit

1015 2627 1378 2672 Objektsaccusativ:
1406 2638 1434 2661 c.
1459 2630 1489 2668 1,
1511 2628 1543 2660 8.
1573 2636 1602 2660 c.
1624 2628 1679 2668 28,
1702 2628 1755 2659 12.

1015 2685 1047 2709 c.
1075 2678 1130 2716 44,
1158 2678 1189 2708 4.

1062 2721 1228 2756 secwndis
1259 2720 1424 2765 collibus]
1461 2719 1555 2762 „der
1585 2718 1759 2764 Neigung

1016 2767 1080 2803 der
1099 2767 1220 2812 Htigel
1241 2766 1532 2810 entsprechend“
1553 2766 1587 2800 d.
1602 2766 1636 2801 h.
1651 2766 1757 2810 berg-

1015 2815 1082 2855 ab;
1103 2813 1297 2858 Gegenteil
1318 2813 1470 2848 adversa
1483 2813 1568 2857 ripa
1578 2812 1638 2857 21,
1652 2816 1709 2854 31,
1724 2815 1756 2846 2.

1064 2865 1095 2895 7.
1121 2871 1235 2905 supra
1271 2860 1525 2906 septinyentos]
1562 2859 1636 2904 vgl.
1677 2862 1696 2901 ξ
1736 2862 1757 2893 8
