1926 3219
137 977 186 1012 ‘24

201 118 259 158 44
661 115 805 150 LIBER
830 114 976 149 XXVII.
1029 113 1130 148 CAP.
1157 117 1210 148 23.
1238 117 1293 150 24.

204 224 358 277 diuque
395 237 482 264 non
520 223 748 275 impetrata
786 235 867 273 pax
907 219 1042 260 deum.

1598 133 1622 151 a.
1643 133 1671 151 u.
1693 126 1756 151 546.

1104 219 1147 258 in
1180 218 1321 271 capita
1352 220 1573 261 consulum
1605 234 1649 260 re
1681 234 1757 273 pu-

204 281 317 322 blica
348 281 549 322 incolumi
582 277 810 319 exitiabilis
842 276 1134 330 prodigiorum
1167 278 1342 317 eventus
1374 278 1514 318 vertit.

320 338 428 379 Ludi
472 336 745 390 Apollinares
801 334 849 383 Q.
891 333 1042 375 Fulvio
1087 333 1168 388 Ap.
1213 331 1388 374 Claudio
1442 336 1683 376 consulibus
1734 349 1763 376 a.

203 397 249 439 P.
288 395 487 439 Cornelio
527 393 645 435 Sulla
682 395 879 447 praetore
917 392 1081 433 urbano
1119 391 1305 444 primum
1342 391 1447 432 facti
1484 397 1621 446 erant,
1659 393 1760 434 inde

206 469 352 496 omnes
385 453 582 506 deinceps
613 454 832 505 praetores
858 450 1010 492 urbani
1036 449 1242 502 fecerant,
1278 449 1350 490 sed
1375 449 1419 489 in
1444 464 1575 491 unum
1601 466 1760 492 annum

159 515 177 545 6
206 512 419 554 vovebant
451 510 601 564 dieque
631 510 796 551 incerta
827 508 1053 550 faciebant.

1115 522 1164 549 eo
1197 522 1308 548 anno
1341 508 1588 560 pestilentia
1619 510 1760 564 gravis

206 570 357 612 incidit
389 569 434 610 in
464 569 614 609 urbem
647 582 876 623 agrosque,
911 581 1018 622 quae
1050 569 1194 607 tamen
1225 565 1362 620 magis
1394 565 1437 606 in
1468 566 1621 620 longos
1652 581 1763 609 mor-

162 634 179 664 7
207 629 283 670 bos
329 641 454 682 quam
500 627 544 667 in
581 626 870 680 perniciabilis
911 625 1055 666 evasit.

1124 624 1211 665 eius
1248 624 1517 678 pestilentiae
1555 637 1684 666 causa
1720 627 1765 666 et

208 687 495 740 supplicatum
531 699 608 738 per
646 685 833 738 compita
871 685 965 724 tota
994 683 1098 723 urbe
1137 684 1220 736 est,
1258 685 1299 723 et
1324 682 1369 724 P.
1400 681 1588 723 Licinius
1620 681 1765 724 Varus

206 745 377 798 praetor
410 743 596 784 urbanus
628 743 768 796 legem
800 742 911 782 ferre
944 740 997 782 ad
1027 741 1232 794 populum
1264 741 1425 792 iussus,
1457 742 1505 781 ut
1536 741 1566 780 ii
1597 740 1688 781 ludi
1719 740 1765 781 in

206 804 457 857 perpetuum
489 802 533 842 in
566 803 722 841 statam
755 800 866 840 diem
898 801 1168 841 voveruntur.

207 861 392 915 fecitque
437 862 535 900 ante
587 859 698 899 diem
747 858 922 899 tertium
973 856 1067 898 idus
1112 856 1326 904 Quintilis.

210 918 430 960 sollemnis
464 919 669 958 servatus.

1229 799 1319 852 ipse
1351 799 1513 852 primus
1546 799 1608 839 ita
1633 799 1767 851 vovit,

1399 857 1434 897 is
1482 856 1569 898 dies
1614 856 1765 898 deinde

332 976 396 1018 De
434 975 647 1016 Arretinis
692 977 735 1015 et
778 973 894 1015 fama
936 973 980 1014 in
1025 971 1115 1013 dies
1155 972 1327 1027 gravior
1365 975 1407 1012 et
1445 986 1545 1013 cura
1583 986 1772 1014 crescere

211 1035 424 1089 patribus.
474 1034 618 1088 itaque
651 1031 694 1074 C.
721 1031 912 1073 Hostilio
946 1031 1155 1085 scriptum
1188 1033 1265 1084 est,
1295 1044 1348 1070 ne
1380 1030 1568 1072 differret
1600 1030 1774 1072 obsides

213 1094 266 1134 ab
305 1092 521 1133 Arretinis
567 1091 776 1145 accipere,
818 1093 879 1143 et,
926 1090 993 1130 cui
1039 1089 1226 1130 traderet
1262 1087 1446 1129 Romam
1491 1088 1774 1143 deducendos,

163 1155 182 1185 2
212 1150 256 1193 C.
290 1150 518 1192 Terentius
550 1149 690 1191 Varro
731 1163 827 1190 cum
864 1148 1045 1202 imperio
1085 1147 1253 1188 missus.

1325 1147 1398 1200 qui
1435 1148 1483 1187 ut
1521 1147 1662 1201 venit,
1707 1161 1776 1188 ex-

209 1210 371 1264 templo
416 1208 630 1250 Hostilius
675 1208 889 1262 legionem
935 1220 1082 1260 unam,
1133 1219 1240 1260 quae
1285 1207 1384 1246 ante
1430 1204 1580 1246 urbem
1630 1208 1774 1247 castra

211 1267 415 1320 habebat,
447 1267 571 1321 signa
602 1267 645 1307 in
671 1266 820 1307 urbem
847 1265 957 1306 ferre
983 1265 1120 1318 iussit,
1151 1263 1580 1318 praesidiaquelocis
1607 1263 1772 1304 idoneis

213 1325 441 1380 disposuit3
472 1328 564 1366 tum
597 1325 642 1365 in
672 1324 813 1366 forum
845 1323 988 1365 citatis
1022 1322 1295 1364 senatoribus
1329 1321 1498 1363 obsides
1531 1322 1772 1375 imperavit.

167 1388 186 1418 3
214 1399 311 1426 cum
345 1386 519 1425 senatus
551 1383 729 1423 biduum
763 1382 815 1423 ad
849 1381 1200 1424 considerandum
1233 1382 1417 1434 peteret,
1449 1382 1524 1421 aut
1555 1380 1674 1434 ipsos
1708 1394 1777 1426 exf

259 1499 393 1542 diuque
417 1508 491 1533 non
516 1499 712 1542 impetrata
732 1507 812 1541 pax
837 1497 956 1541 deum]

210 1555 284 1580 von
317 1545 382 1579 der
407 1544 507 1579 Bitte
534 1556 596 1578 um
623 1544 804 1588 gottliche
831 1543 957 1578 Gnade

213 1593 297 1635 sagt
331 1592 424 1626 Liv.:
460 1601 585 1635 pacem
616 1592 721 1625 deum
758 1600 957 1634 exposcere3

211 1649 283 1672 von
321 1638 386 1672 der
423 1637 657 1682 Erlangung:
691 1647 819 1681 pacem
856 1637 960 1671 deum

214 1686 426 1728 impetrare,
465 1684 625 1719 seltener
655 1684 827 1718 invenire.

260 1732 301 1765 in
329 1732 452 1775 capita
477 1731 663 1765 consulum
684 1750 727 1755 —
748 1729 868 1775 vertit]
897 1739 960 1771 „er

214 1777 360 1812 wandte
382 1777 460 1812 sich
481 1788 601 1822 gegen
621 1777 686 1811 das
706 1776 843 1821 Haupt,
872 1776 959 1810 kam

215 1824 280 1858 auf
303 1824 368 1858 das
389 1824 458 1858 Η.“
502 1824 575 1858 Der
594 1823 790 1857 Ausdruck
813 1823 862 1857 ist
883 1824 960 1857 ent-

215 1871 321 1905 lehnt
346 1882 419 1906 von
445 1871 510 1905 der
534 1871 593 1904 fiir
613 1870 871 1912 Bezeichnung
897 1868 961 1903 der

217 1917 452 1952 Todesstrafe
499 1916 811 1962 gebrauchlichen
849 1916 960 1950 Wen-

215 1964 333 2009 dung:
368 1963 428 2006 45,
451 1967 504 2006 10,
528 1968 569 1998 11
603 1964 754 2008 (omnia)
785 1964 827 1997 in
852 1964 961 2007 caput

213 2021 407 2046 nesciorum
432 2021 592 2045 versura.

261 2061 294 2092 5.
333 2058 413 2092 ludi
437 2057 686 2102 Apollinares]
715 2056 789 2101 vgl.
813 2067 841 2090 c.
859 2059 912 2097 11,
928 2059 959 2089 6.

263 2108 294 2139 6.
335 2104 458 2148 Ionyos
507 2103 661 2149 morbos]
709 2102 960 2147 langwierige,

215 2149 431 2185 chronische
448 2150 719 2192 Krankheiten3
735 2149 959 2193 Gegensatz:

215 2198 333 2232 breves
359 2198 536 2241 acutique.

258 2243 529 2289 perniciabilis]
564 2242 837 2285 „verheerende
871 2241 957 2276 Seu-

216 2290 350 2333 chen“;
390 2291 456 2325 das
488 2290 666 2335 Adjektiv
699 2290 749 2323 ist
779 2289 848 2323 wie
880 2291 909 2330 ξ.
937 2292 958 2322 4

215 2337 415 2371 exitiabilis
434 2336 602 2381 gebildet
621 2336 696 2370 und
716 2335 861 2370 scheint
881 2334 958 2369 sich

215 2394 281 2418 vor
307 2383 385 2418 Liv.
413 2384 517 2418 nicht
543 2396 586 2417 zu
612 2383 744 2417 finden.

264 2431 375 2464 evasit
394 2430 450 2475 in]
473 2430 609 2473 „nahm
630 2429 701 2463 den
715 2429 892 2473 Ausgang
906 2440 959 2469 zu,

217 2476 348 2528 sclilug
380 2487 444 2511 aus
475 2477 548 2511 in“.
605 2476 680 2521 vgl.
708 2476 742 2518 2,
763 2479 819 2518 42,
842 2479 896 2509 11.
923 2485 960 2509 eo

216 2533 364 2558 evasere.

265 2574 296 2604 7.
329 2571 370 2604 in
395 2572 526 2605 statam
551 2570 658 2614 diem]
694 2569 744 2603 ist
769 2568 960 2603 alterti’im-

217 2616 336 2651 licher
360 2616 555 2651 Ausdruck
591 2616 656 2651 der
676 2615 861 2651 Gerichts·
887 2615 960 2649 und

217 2662 585 2707 Gesch'astssprache,
622 2674 690 2697 nur
723 2662 890 2697 erhalten
924 2661 962 2695 in

215 2713 349 2744 statum
394 2713 547 2755 tempus,
591 2713 726 2744 statum
770 2709 962 2752 ludicrum,

220 2759 337 2790 status
363 2757 470 2791 locus.

264 2803 358 2837 vovit
392 2803 561 2847 fecitque]
594 2802 668 2847 vgl.
702 2814 730 2837 c.
760 2807 814 2844 11,
842 2806 861 2837 6
891 2802 964 2837 voti

218 2848 395 2894 factique,
421 2853 557 2884 voveret
581 2850 792 2895 faceretque.

1077 1495 1205 1530 deiude
1259 1495 1438 1529 sollemnis
1486 1494 1664 1540 servatus]
1716 1504 1781 1536 „er

1030 1541 1156 1576 warde
1197 1541 1234 1575 in
1272 1541 1337 1575 der
1368 1541 1482 1586 Folge
1519 1541 1574 1574 als
1605 1540 1780 1585 Feiertag

1030 1587 1305 1622 beibehalten“.
1343 1587 1433 1621 Zum
1462 1587 1679 1621 Gebrauche
1705 1598 1779 1622 von

1031 1635 1159 1670 deiude
1196 1634 1230 1676 1,
1257 1637 1312 1677 35,
1341 1638 1372 1668 9.
1423 1634 1604 1668 sollemnes
1649 1633 1779 1668 deiude

1032 1682 1152 1716 ammi
1169 1691 1331 1716 mansere
1357 1681 1438 1714 ludi
1462 1691 1496 1715 u.
1524 1691 1552 1715 c.
1575 1683 1629 1723 13,
1650 1683 1681 1715 8.

1080 1749 1115 1775 c.
1137 1738 1198 1775 24.
1244 1739 1460 1782 Gabi-ung
1485 1738 1529 1772 in
1550 1737 1775 1774 Etrurien.

1083 1802 1112 1832 1.
1151 1799 1252 1841 favia
1267 1818 1309 1822 —
1324 1797 1487 1841 yravior]
1511 1796 1599 1838 „das
1613 1795 1778 1831 Geriicht

1033 1844 1157 1879 wurde
1165 1843 1456 1885 bedriickender,
1470 1842 1778 1886 bedenklicher“;

1033 1891 1093 1934 28,
1121 1895 1176 1933 24,
1206 1895 1235 1925 1.
1267 1891 1373 1935 yravi
1409 1890 1530 1925 morbo
1566 1889 1778 1933 implicitus,

1034 1939 1200 1982 graviore
1226 1941 1344 1972 tamen
1369 1937 1480 1979 fama.
1528 1936 1604 1970 Aue
1628 1946 1780 1971 crescere

1034 1985 1083 2020 ist
1108 1995 1179 2020 esse
1204 1997 1249 2018 zu
1277 1984 1510 2018 entnehmen.

1080 2047 1125 2072 ‘ne
1149 2037 1310 2079 differret
1330 2056 1371 2060 —
1395 2035 1568 2080 accipere]
1600 2045 1662 2077 „er
1687 2035 1779 2070 solle

1035 2083 1112 2118 sich
1139 2083 1234 2118 ohne
1255 2081 1445 2117 Aufschub
1472 2081 1589 2126 geben
1616 2081 1782 2123 lassen“;

1033 2131 1180 2173 differre
1200 2130 1259 2164 bei
1279 2129 1356 2164 Liv.
1388 2130 1479 2164 stets
1499 2128 1699 2173 temporal,
1724 2138 1780 2162 re-

1034 2177 1131 2221 giert
1150 2177 1220 2211 den
1240 2175 1414 2217 Infinitiv,
1439 2186 1513 2209 was
1537 2185 1603 2209 vor
1616 2174 1694 2209 Liv.
1710 2185 1779 2208 nur

1032 2223 1256 2258 dichterisch
1282 2223 1348 2264 ist;
1373 2221 1540 2266 dagegen
1561 2221 1627 2255 hat
1647 2231 1685 2256 er
1705 2231 1780 2255 mon

1032 2271 1158 2314 differo
1184 2269 1253 2304 mit
1277 2269 1368 2313 quin
1392 2267 1616 2303 verbunden.

1079 2326 1110 2356 2.
1150 2323 1256 2366 siqua
1281 2323 1322 2356 in
1346 2322 1468 2355 urbem
1493 2319 1602 2365 ferre]
1630 2318 1692 2362 „in
1719 2318 1779 2353 die

1034 2369 1143 2403 Stadt
1157 2367 1388 2402 einriickeffl.
1415 2369 1522 2412 siyua
1534 2367 1628 2410 ferre
1641 2383 1685 2395 =
1701 2365 1779 2400 sich

1033 2415 1071 2449 in
1112 2414 1260 2450 Marsch
1304 2415 1443 2456 setzen,
1490 2414 1557 2448 hat
1607 2412 1662 2448 oft
1699 2411 1780 2446 eine

1034 2461 1371 2506 Ortsbestimmung
1395 2461 1454 2495 bei
1475 2460 1570 2495 sich:
1597 2460 1646 2494 ad
1659 2458 1782 2493 urbem

1033 2521 1066 2545 u.
1095 2519 1126 2542 a.

1081 2565 1113 2596 3.
1157 2561 1307 2595 biduum
1362 2560 1410 2594 ad
1460 2558 1777 2601 considerandum]

1037 2607 1149 2650 „zwei
1182 2608 1283 2652 Tage
1309 2605 1566 2641 Bedenkzeit.“
1616 2604 1779 2646 biduum,

1036 2655 1199 2689 triduum
1222 2653 1296 2688 und
1316 2652 1562 2697 quadriduum
1582 2650 1664 2685 sind
1683 2660 1777 2695 ganz

1037 2700 1278 2736 Substantiva
1314 2697 1526 2743 gewordenj,
1563 2696 1678 2731 daher
1709 2696 1781 2730 mit

1036 2747 1220 2782 Attribut:
1265 2745 1324 2787 30,
1353 2748 1384 2787 8,
1413 2749 1445 2779 4.
1485 2755 1552 2789 per
1589 2744 1778 2788 insequens

1037 2795 1197 2829 biduum.

1085 2849 1148 2881 aut
1180 2846 1267 2880 dare
1306 2864 1348 2868 —
1388 2846 1453 2879 aui
1483 2853 1518 2879 se
1549 2844 1777 2887 sumpturum
