1926 3219
155 166 181 184 a.
204 158 256 183 ch.
278 159 336 184 209.

671 143 811 178 LIBER
839 143 984 178 XXVII.
1037 143 1138 179 CAP.
1168 147 1196 177 7.
1659 143 1710 184 13

156 253 351 308 sequenti
378 254 547 305 captam
575 250 840 303 tradiderint,
866 251 976 305 quod
1004 251 1108 291 mihi
1136 251 1273 291 minus
1301 251 1437 292 simile
1464 251 1551 291 veri
1573 251 1710 291 visum
1737 253 1757 283 6

153 315 221 352 est
250 325 407 352 annum
440 310 651 364 integrum
681 309 921 364 Scipionem
954 309 1060 350 nihil
1091 309 1279 364 gerundo
1306 309 1351 350 in
1378 308 1588 364 Hispania
1615 324 1710 351 con-

155 369 398 423 sumpsisse.

273 427 321 476 Q.
349 426 480 468 Fabio
508 426 694 468 Maximo
728 427 922 481 quintum
949 426 995 475 Q.
1023 426 1171 467 Fulvio
1200 426 1352 468 Flacco
1383 428 1580 481 quartum
1615 440 1708 467 con·
1737 428 1754 457 7

154 486 318 527 sulibus
356 486 495 526 idibus
535 485 720 538 Martiis,
765 498 847 538 quo
887 484 952 524 die
993 485 1295 538 magistratum
1333 485 1538 534 inierunt,
1583 483 1709 526 Italia

154 545 363 586 ambobus
409 544 628 598 provincia
671 543 856 594 decreta,
903 542 1150 595 regionibus
1193 545 1337 582 tamen
1381 544 1586 595 partitum
1631 544 1709 583 im-

154 603 336 656 perium:
377 601 532 644 Fabius
572 601 622 642 ad
656 600 908 652 Tarentum,
946 599 1121 640 Fulvius
1154 600 1197 640 in
1229 599 1411 641 Lucanis
1445 615 1494 641 ac
1527 600 1707 642 Bruttiis

155 676 244 702 rem
288 664 464 716 gereret.

530 659 586 700 M.
630 657 807 700 Claudio
853 661 1131 713 prorogatum
1175 659 1221 699 in
1267 673 1424 700 annum
1469 660 1708 713 imperium.
1735 664 1754 692 ὅ

156 723 374 774 praetores
419 717 556 759 sortiti
601 717 862 771 provinciaS,
906 716 950 758 C.
994 715 1209 758 Hostilius
1250 717 1442 759 Tubulus
1487 718 1708 771 urbanam,

154 779 198 819 L.
230 777 432 819 Veturius
464 775 586 817 Philo
624 776 894 830 peregrinam
933 789 1027 816 cum
1062 774 1223 828 Gallia,
1261 774 1306 816 T.
1340 775 1562 824 Quinctius
1596 775 1707 818 Cris-

153 837 278 890 pinus
311 834 520 888 Capuam,
559 833 604 875 C.
638 834 950 876 Aurunculeius
984 832 1238 875 Sardiniam.

1300 835 1509 876 exercitus
1542 835 1602 875 ita
1635 849 1709 889 per
1736 840 1755 868 9

151 893 393 948 provincias
422 893 564 934 divisi:
593 892 743 934 Fulvio
771 893 878 934 duae
903 893 1106 948 legioneS,
1133 908 1240 947 quas
1267 893 1310 934 in
1339 892 1483 935 Sicilia
1504 893 1560 934 M.
1581 893 1708 934 Vale-

156 952 244 993 rius
275 951 486 993 Laevinus
518 951 707 1004 haberet,
740 950 786 999 Q.
818 951 965 1004 Fabio,
997 952 1150 1006 quibus
1183 953 1227 993 in
1255 951 1429 993 Etruria
1463 950 1507 993 C.
1535 951 1709 1006 Calpur-

151 1011 248 1052 nius
279 1009 553 1065 praefuisset3
587 1009 775 1051 urbanus
807 1010 1016 1052 exercitus
1049 1013 1096 1051 ut
1127 1011 1171 1051 in
1197 1009 1416 1052 Etruriam
1450 1011 1709 1063 succederet3
1739 1015 1782 1046 10

156 1069 200 1112 C.
227 1068 482 1123 Calpurnius
508 1069 642 1110 eidem
669 1073 886 1124 praeesset
911 1069 1154 1123 provinciae
1181 1069 1484 1123 exercituique3
1518 1068 1711 1124 Capuam

153 1128 487 1181 exercitumque,
526 1141 651 1182 quem
690 1126 736 1176 Q.
767 1127 943 1169 Fulvius
982 1127 1219 1181 habuisset,
1258 1127 1303 1168 T.
1337 1128 1562 1176 Quinctius
1602 1129 1712 1170 obti-

155 1191 293 1239 neret3
321 1185 366 1227 C.
392 1186 602 1228 Hostilius
629 1186 682 1227 ab
710 1184 752 1227 C.
781 1186 977 1228 Laetorio
1004 1190 1280 1241 propraetore
1306 1187 1569 1240 provinciam
1597 1201 1711 1228 exer·
1739 1193 1780 1222 11

154 1245 392 1299 citumque,
425 1245 497 1299 qui
529 1247 620 1286 tum
652 1245 838 1286 Arimini
870 1248 972 1298 erat,
1006 1246 1228 1300 acciperet.

152 1304 232 1345 bus
269 1303 418 1345 consul
454 1318 543 1345 rem
582 1307 791 1358 gesserat,
832 1305 1020 1358 legiones
1053 1304 1259 1345 decretae.

1288 1244 1345 1286 M.
1377 1244 1590 1299 Marcello,
1623 1246 1710 1300 qui-

154 1360 375 1412 L.,Cincio
412 1387 460 1392 —
494 1362 549 1403 iis
582 1376 749 1416 quoque
782 1363 893 1404 enim
925 1368 1205 1417 prorogatum
1237 1363 1281 1403 in
1311 1362 1458 1404 Sicilia
1484 1364 1711 1417 imperium

152 1445 209 1449 —
242 1418 726 1462 Cannensis-exercitus
765 1421 908 1474 datus,
947 1435 1125 1476 eumque
1165 1421 1363 1476 supplere
1405 1435 1455 1462 ex
1487 1422 1711 1474 militibus,

152 1479 224 1533 qui
257 1492 307 1520 ex
338 1479 577 1534 legionibus
604 1477 678 1520 Cn.
705 1479 827 1521 Fulvi
860 1483 1142 1534 superessent,
1172 1480 1287 1521 iussi.

153 1537 348 1579 consules
380 1537 425 1578 in
458 1535 648 1579 Siciliam
680 1539 905 1592 miserunt3
943 1538 1171 1592 additaque
1203 1539 1349 1580 eadem
1381 1539 1560 1580 militiae
1592 1539 1711 1594 igno-

152 1596 303 1649 minia,
353 1595 431 1637 sub
484 1611 567 1650 qua
612 1595 859 1638 Cannenses
909 1597 1154 1638 militabant
1206 1598 1359 1652 quique
1408 1612 1457 1639 ex
1500 1598 1710 1652 praetoris

154 1654 232 1697 Cn.
263 1654 389 1696 Fulvi
427 1655 612 1696 exercitu
652 1656 706 1696 ob
746 1656 896 1697 similis
934 1656 1041 1697 iram
1072 1655 1199 1711 fugae
1232 1657 1355 1697 missi
1388 1671 1436 1698 eo
1470 1657 1523 1698 ab
1559 1659 1711 1698 senatu

152 1717 334 1755 fuerant.

397 1712 440 1755 C.
473 1714 762 1756 Aurunculeio
802 1714 973 1756 eaedem
1005 1715 1048 1755 in
1083 1713 1277 1756 Sardinia
1308 1715 1516 1770 legiones,
1555 1715 1709 1770 quibus
1739 1723 1781 1753 14

151 1771 196 1813 Ρ.
225 1771 410 1814 Manlius
432 1772 566 1814 Volso
595 1787 687 1814 eam
713 1774 980 1828 provinciam
1007 1773 1264 1828 obtinuerat,
1292 1773 1496 1815 decretae.
1544 1774 1589 1815 P.
1616 1772 1710 1815 Sul·
1738 1782 1780 1812 15

152 1831 262 1884 picio
315 1831 463 1872 eadem
511 1831 681 1886 legione
725 1831 954 1886 eademque
999 1832 1134 1873 classe
1176 1831 1471 1875 Macedoniam
1517 1832 1710 1874 obtinere

153 1891 269 1931 iusso
295 1892 576 1944 prorogatum
608 1890 652 1930 in
684 1904 845 1931 annum
876 1891 1113 1944 imperium.

153 1962 204 1988 ex
225 1946 371 1989 Sicilia
391 1947 624 1989 Tarentum
651 1948 702 1989 ad
724 1948 770 1997 Q.
791 1949 972 1990 Fabium
999 1950 1217 1990 consulem
1244 1950 1357 1991 mitti
1377 1950 1536 2003 iussae3
1563 1953 1703 1991 cetera
1735 1959 1777 1989 16

158 2051 217 2085 bei
249 2051 328 2085 Liv.
361 2063 430 2085 nur
465 2050 635 2093 einmal,
670 2063 714 2086 an
748 2063 898 2087 unserer

154 2097 282 2141 Stelle,
310 2100 412 2133 sonst
428 2108 504 2133 mm
522 2100 677 2133 nescius:
705 2099 764 2141 43,
789 2104 842 2143 13,
865 2104 894 2134 1.

202 2149 234 2179 6.
248 2146 370 2180 minus
381 2145 496 2180 simile
504 2145 594 2191 reri]
605 2163 648 2174 =
658 2146 785 2189 „nicht
792 2147 896 2181 recht

154 2191 505 2234 wahrscheinlich“;
526 2194 648 2227 minus
667 2192 717 2227 ist
734 2193 795 2228 bei
814 2193 892 2228 Liv.

155 2239 240 2273 sehr
260 2238 316 2273 oft
335 2255 379 2268 =
399 2249 472 2274 non
490 2241 596 2281 sat2's;
619 2252 647 2273 z.
665 2239 780 2284 1322,
797 2244 851 2284 19,
872 2245 892 2274 4

151 2296 273 2320 mmus
298 2306 341 2311 —
368 2296 489 2320 ausus.

202 2343 341 2367 annum
360 2333 553 2379 integrum]
575 2334 654 2368 Liv.
676 2333 763 2368 lars-t
783 2336 895 2370 unbe-

155 2378 417 2424 riicksichtigt‚
451 2379 547 2422 dass,
574 2391 650 2415 wer
674 2381 732 2415 die
759 2382 894 2416 Erobe-

155 2437 251 2471 rung
288 2427 357 2460 wie
389 2426 565 2470 Polybius
602 2427 640 2461 in
666 2431 734 2462 209
768 2430 895 2470 setzte,

153 2473 250 2506 auch
271 2472 329 2507 die
343 2473 512 2508 Aukunft
531 2478 597 2508 209
620 2475 694 2509 und
709 2476 813 2510 nicht
828 2479 892 2510 211

152 2520 329 2554 ausetzen
353 2519 498 2555 musste.

204 2569 236 2601 7.
274 2567 480 2611 reqionibus
489 2568 733 2614 —partitmrq
750 2572 894 2610 .,raum-

154 2612 233 2646 lich
262 2615 469 2658 getrennt“.
513 2615 587 2659 vgl.
616 2625 644 2648 c,
666 2619 722 2658 35,
745 2619 787 2650 10
808 2627 894 2659 pro-

155 2659 296 2694 vinciae
315 2681 358 2685 —
379 2671 452 2695 non
463 2663 664 2705 perna‘astae
678 2663 893 2706 reyae'om'bus.

204 2707 236 2738 8.
270 2709 497 2752 pereyo-inam
512 2708 744 2754 eumGallia]
766 2709 814 2743 da
835 2709 895 2744 die

156 2753 363 2787 iurisdictio
391 2755 487 2789 inter
518 2757 609 2790 eires
634 2759 665 2789 et
687 2758 896 2800 peregrinos

156 2799 207 2833 im
244 2798 381 2843 Kriege
419 2801 595 2845 abnahm,
641 2802 706 2837 der
747 2803 895 2847 Mangel

157 2857 206 2880 an
237 2845 438 2881 Feldheirn
475 2849 562 2882 aber
594 2851 819 2892 hervort-rat,
856 2861 894 2885 so

158 2893 249 2926 wird
289 2893 353 2927 der
379 2898 528 2937 praetor
553 2898 768 2941 pei-cyrinus
799 2898 895 2932 nach

1174 1891 1354 1946 triginta
1385 1891 1709 1946 quinqueremes

970 2052 1165 2087 Bedfirfnis
1208 2053 1277 2087 mit
1321 2053 1440 2088 einem
1478 2054 1711 2089 Kommando

968 2100 1127 2134 betraut.
1163 2110 1192 2134 e.
1225 2104 1281 2141 22,
1310 2104 1329 2134 3
1358 2102 1553 2146 peregrina
1585 2105 1617 2135 et
1642 2112 1711 2145 quo

967 2150 1112 2181 senatus
1138 2149 1339 2182 censuisset.

1019 2197 1068 2228 12.
1105 2205 1148 2228 ea:
1175 2195 1374 2239 leyiom'bns
1400 2195 1464 2230 Cn.
1493 2194 1638 2240 Fulviz]
1672 2205 1710 2229 es

967 2240 1047 2274 sind
1063 2241 1121 2276 die
1142 2241 1202 2275 bei
1221 2241 1418 2276 Herdonea
1438 2242 1711 2287 geschlagenen

966 2287 1149 2333 Truppen.

1018 2339 1071 2369 13.
1111 2336 1262 2370 militiae
1341 2335 1559 2381 iynomz'nia]

968 2381 1027 2426 26,
1051 2386 1081 2425 1,
1104 2386 1146 2416 10
1176 2393 1220 2416 ne
1247 2384 1282 2416 in
1310 2383 1454 2426 oppidis
1478 2383 1712 2417 hibernarent

968 2439 1052 2463 neve
1082 2429 1233 2464 hiberna
1263 2431 1416 2473 propius
1448 2430 1560 2464 ullam
1586 2430 1707 2464 urbem

968 2476 1079 2510 decem
1107 2477 1254 2510 milibus
1267 2487 1445 2520 passuum
1465 2477 1709 2519 aedificarent.

1015 2524 1057 2558 ob
1080 2543 1120 2547 —
1142 2524 1235 2557 iram
1249 2523 1374 2568 fuyae]
1389 2523 1498 2558 freier
1515 2523 1709 2558 Gebrauch

968 2569 1031 2603 des
1045 2580 1127 2614 gen.
1143 2570 1277 2615 object.
1288 2587 1332 2599 =
1342 2581 1467 2612 wegen
1484 2570 1549 2604 der
1562 2570 1708 2604 Flucht.

969 2617 1002 2658 5,
1027 2621 1056 2659 1,
1078 2621 1098 2650 5
1124 2618 1166 2651 ob
1193 2618 1287 2651 iram
1313 2618 1477 2661 repulsae
1502 2629 1535 2650 u.
1564 2621 1594 2650 ὅ.

1014 2664 1080 2697 sub
1112 2675 1184 2708 qua
1216 2665 1441 2709 militabant]
1479 2664 1545 2698 sub
1577 2663 1709 2698 drfickt

968 2709 1027 2744 die
1042 2710 1326 2754 Unterwerfung
1346 2713 1452 2744 unter
1471 2710 1553 2744 eine
1571 2710 1709 2745 hohere

968 2757 1195 2801 Anordnung
1227 2768 1309 2792 aus:
1335 2756 1408 2801 vgl.
1436 2757 1501 2791 sub
1531 2758 1707 2801 auspicio,

967 2804 1031 2838 snb
1070 2804 1158 2838 duce
1194 2815 1228 2838 u.
1261 2815 1293 2838 a.
1326 2803 1385 2846 35,
1414 2808 1468 2848 19,
1495 2808 1517 2838 4
1547 2805 1613 2839 sub
1645 2805 1709 2839 hoc

967 2854 1189 2885 sacramento
1217 2871 1259 2875 —
1286 2851 1452 2885 militavi.

1018 2902 1070 2931 15.
1109 2898 1205 2932 mitti
1246 2898 1379 2943 iussae]
1420 2899 1522 2933 iubeo
1559 2899 1608 2932 ist
1639 2898 1709 2933 mit

1635 2336 1707 2380 vgl.

1319 1304 1375 1344 M.
1408 1304 1581 1346 Valerio
1615 1319 1709 1346 cum
1740 1309 1781 1340 1⁵2.

1345 1481 1606 1534 conquisitos
1639 1494 1710 1522 eos
1740 1487 1782 1517 13
