1926 3219
689 106 833 141 LIBER
857 107 1004 142 XXVII.
1056 107 1155 142 CAP.
1183 111 1215 143 8.
1672 110 1726 151 15

172 128 199 146 a.
220 120 272 145 Ch.
292 121 351 146 209.

169 217 262 256 tota
286 214 504 255 iuventute
531 214 761 256 haberetur
785 214 904 268 prior
926 229 1002 256 nec
1022 215 1244 269 probatior
1264 216 1521 269 primoribus
1541 220 1725 270 patrum,

171 273 257 314 suis
290 273 452 327 pariter
484 273 717 327 alienisque
750 276 874 314 esset.
934 273 1059 314 huius
1092 273 1231 315 famae
1264 289 1471 316 consensu
1505 275 1642 316 elatus
1670 276 1721 316 ad
1753 284 1772 314 7

169 331 327 372 iustam
358 331 556 372 fiduciam
590 332 655 372 sui
688 346 775 372 rem
808 332 1095 373 intermissam
1129 347 1203 386 per
1234 333 1392 374 multos
1420 347 1553 374 annos
1581 334 1634 374 ob
1661 334 1722 374 in-

169 389 423 444 dignitatem
448 390 669 431 flaminum
697 391 884 443 priorum
912 391 1123 443 repetivit,
1150 394 1197 431 ut
1223 391 1267 432 in
1294 395 1490 433 senatum
1516 392 1722 433 introiret*

167 447 408 502 ingressum
441 462 536 490 eum
570 449 730 490 curiam
764 463 857 489 cum
882 448 929 488 L.
955 448 1142 489 Licinius
1171 452 1344 502 praetor
1375 451 1471 491 inde
1499 450 1723 503 eduxisset,
1751 459 1771 489 8

167 506 363 547 tribunos
395 507 531 560 plebis
565 506 813 561 appellavit.
875 506 1030 546 flamen
1062 509 1277 547 vestutum
1309 508 1375 548 ius
1409 509 1634 549 sacerdotii
1663 523 1724 550 re-

166 565 360 618 petebat:
388 565 534 606 datum
560 565 604 605 id
629 578 723 605 011111
749 566 853 616 toga
877 565 1101 616 praetexta
1127 567 1169 605 et
1194 564 1298 605 sella
1320 566 1453 606 curuli
1475 567 1512 606 ei
1531 567 1721 608 flaminio

168 637 270 664 esse.
332 626 504 677 praetor
540 636 626 663 non
659 621 837 662 exoletis
869 623 1083 662 vetustate
1117 623 1337 664 annalium
1370 625 1573 678 exemplis
1609 628 1721 665 stare
1749 633 1769 663 9

166 681 246 735 1113,
279 682 351 723 sed
382 680 700 722 recentissimae
733 679 935 733 cuiusque
968 681 1288 722 consuetudinis
1318 696 1397 723 usu
1423 683 1614 724 volebat:
1646 697 1723 724 nec

165 743 336 794 patrum
374 753 453 780 nec
491 752 667 779 avorum
699 738 906 778 memoria
936 737 1106 779 Dialem
1141 754 1397 794 quemquam
1429 742 1472 781 id
1505 742 1569 782 ius
1604 756 1722 783 usur-

163 811 301 852 passe.
369 796 531 837 tribuni
574 810 664 837 rem
708 797 864 837 inertia
900 796 1121 838 flaminum
1160 798 1431 840 obliteratam
1470 800 1592 854 ipsis,
1635 815 1722 841 non
1752 809 1795 839 10

165 855 403 896 sacerdotio
437 855 592 896 damno
624 854 758 896 fuisse
791 869 885 896 cum
917 869 1097 909 aequom
1124 857 1402 911 censuissent,
1434 872 1485 898 ne
1512 858 1604 911 ipso
1633 859 1723 912 qui-

167 913 262 954 dem
301 916 450 955 contra
488 913 688 955 tendente
726 916 923 967 praetore
962 928 1117 969 magno
1151 915 1333 957 adsensu
1365 919 1533 969 patrum
1568 917 1722 970 plebis-

160 986 240 1026 que
278 972 493 1013 flaminem
535 973 580 1013 in
619 976 813 1013 senatum
852 972 1200 1028 introduxerunt,
1239 975 1438 1016 omnibus
1479 975 1541 1016 ita
1579 975 1722 1016 existi-

161 1031 400 1084 mantibus,
443 1032 582 1085 magis
627 1031 854 1072 sanctitate
898 1031 1012 1072 vitae
1057 1046 1185 1086 quam
1230 1033 1455 1074 sacerdotii
1499 1034 1591 1074 iure
1629 1048 1721 1075 eam

161 1103 251 1130 rem
283 1089 500 1131 flaminem
534 1089 783 1130 obtinuisse.

284 1147 492 1190 Consules
518 1148 770 1202 priusquam
801 1148 846 1189 111
877 1149 1120 1201 provincias
1151 1150 1275 1203 irent,
1308 1150 1413 1192 duas
1445 1150 1631 1191 urbanas
1663 1151 1719 1191 le·
1751 1160 1791 1189 11

163 1207 325 1262 giones,
357 1207 402 1247 in
430 1207 773 1260 supplementum
802 1209 1009 1260 quantum
1036 1222 1141 1261 opus
1169 1211 1261 1249 erat
1285 1209 1437 1250 ceteris
1465 1209 1720 1250 exercitibus

161 1265 346 1306 militum
373 1265 644 1319 scripserunt.
696 1265 905 1306 urbanum
932 1269 1119 1307 veterem
1153 1267 1384 1308 exercitum
1410 1267 1587 1309 Fulvius
1621 1282 1715 1309 con·
1748 1276 1789 1305 12

164 1324 230 1364 3111
263 1322 307 1365 C.
338 1323 490 1364 Fulvio
522 1322 675 1364 Flacco
707 1323 852 1378 legato
890 1348 939 1353 —
974 1324 1109 1366 frater
1139 1325 1208 1366 hic
1240 1326 1424 1367 consulis
1464 1329 1558 1367 erat
1587 1351 1644 1356 —-
1676 1327 1720 1367 in

159 1381 380 1423 Etruriam
420 1381 536 1422 dedit
574 1381 830 1435 ducendum,
869 1384 912 1422 et
951 1382 1143 1437 legiones
1176 1398 1281 1438 quae
1314 1385 1358 1424 in
1389 1384 1567 1425 Etruria
1600 1390 1721 1425 erant

160 1440 345 1481 Romam
378 1439 657 1481 deducendas.
713 1443 755 1481 et
779 1439 938 1481 Fabius
971 1442 1119 1482 consul
1150 1442 1354 1496 reliquias
1388 1443 1596 1484 exercitus
1622 1442 1718 1484 Ful-
1747 1452 1790 1482 13

157 1499 271 1540 viani
287 1499 549 1552 conquisitas
566 1523 618 1527 —
635 1499 753 1539 fuere
769 1502 907 1539 autem
924 1499 976 1540 ad
992 1503 1198 1554 quattuor
1212 1501 1331 1542 milia
1344 1502 1526 1543 trecenti
1538 1502 1717 1556 quadra-

159 1558 280 1612 ginta
312 1559 515 1611 quattuor
546 1581 595 1586 —
633 1556 680 1605 Q.
717 1557 956 1598 Maximum
992 1559 1128 1600 filium
1171 1559 1321 1601 ducere
1359 1561 1402 1601 in
1436 1559 1624 1602 Siciliam
1665 1561 1718 1602 ad

158 1615 213 1657 M.
251 1615 473 1657 Valerium
516 1616 816 1670 proconsulem
859 1616 986 1658 iussit
1031 1620 1156 1671 atque
1197 1618 1249 1659 ab
1290 1633 1338 1660 eo
1380 1619 1484 1660 duas
1525 1619 1717 1674 legiones

206 1736 237 1766 6.
276 1735 351 1766 tota
365 1731 564 1776 inventute]
582 1748 625 1759 =
640 1731 713 1774 „im
723 1731 900 1766 Bereiche

160 1778 224 1813 der
248 1778 436 1823 Jugend“;
463 1778 607 1813 lokaler
632 1778 783 1812 Ablativ
810 1779 903 1812 statt

157 1835 200 1860 ecc
239 1825 325 1859 oder
363 1826 420 1868 cle3
459 1825 532 1870 vgl.
565 1825 631 1867 26,
658 1828 719 1868 38,
754 1829 795 1858 12
827 1825 901 1867 for-

976 1736 1076 1814 1ὸ·13
1104 1736 1144 1768 ut
1175 1754 1219 1759 —
1252 1735 1401 1769 societas
1433 1745 1470 1769 eo
1502 1736 1582 1769 iure
1606 1738 1719 1769 staret

1019 1791 1062 1815 10.
1084 1808 1090 1814 .

974 1782 986 1823 <
1020 1782 1284 1862 1·00)01111331“11κ10
1320 1829 1592 1863 consuetudinis
1629 1829 1714 1874 usu]

157 1873 288 1929 tiss-imi
337 1892 380 1897 ——
431 1875 503 1906 toto
550 1871 693 1906 Punico
744 1873 902 1906 ewercitu

155 1930 189 1952 u·
200 1930 409 2017 porobatior]
431 1971 557 2005 diesen
571 1970 816 2016 Komparativ
836 1971 903 2006 hat

157 2018 278 2053 zuerst
287 2018 378 2060 Liv„
400 2018 494 2053 doch
509 2018 627 2052 bildet
642 2018 754 2052 sehon
771 2018 898 2052 Cicero

154 2065 441 2109 probatissimus.
487 2065 649 2100 Beachte
670 2065 728 2100 die
748 2064 896 2099 Allitte-

156 2111 295 2146 ration:
324 2113 432 2156 prior
459 2112 652 2156 probatior
674 2113 898 2156 primoribus

150 2162 320 2202 patrum3
347 2158 475 2203 h‘aufig
497 2160 603 2202 prior
623 2160 823 2204 potiorque.

207 2221 236 2252 7.
276 2221 315 2251 ut
330 2218 369 2251 in
381 2221 544 2252 senatum
557 2218 738 2263 introiret]
762 2229 800 2252 er
817 2229 896 2252 ver-

158 2263 285 2308 langte
299 2263 609 2299 Eintrittsrecht
627 2265 665 2298 in
686 2265 756 2299 den
773 2264 895 2300 Senat.

157 2310 298 2345 Anders
323 2322 352 2346 0.
374 2315 405 2355 5,
428 2316 458 2346 6.

206 2364 238 2396 8.
276 2363 400 2398 datum
426 2364 480 2410 id]
507 2365 670 2399 n'amlich
691 2365 805 2399 sehon
824 2375 897 2399 von

156 2408 293 2444 Numa.
314 2410 348 2453 1,
368 2414 423 2453 20,
445 2415 464 2445 2
484 2412 690 2456 insiynzque
709 2423 787 2446 eum
809 2416 897 2447 zeste

157 2459 188 2490 et
214 2457 336 2491 curuli
359 2459 458 2503 reyia
483 2459 570 2493 sella
595 2460 798 2494 adornavit.

204 2518 236 2549 9.
281 2516 426 2549 exoletas
468 2520 642 2551 vetustate
688 2518 894 2561 annalium]

157 2560 245 2595 „auf
286 2561 357 2597 den
396 2562 514 2607 infolg
516 2575 535 2597 e
572 2563 636 2597 des
670 2564 793 2598 Alters
831 2564 895 2598 der

157 2580 438 2654 ’bberlieferung
465 2610 627 2655 ungiltig
651 2611 896 2655 gewordenen

157 2652 396 2696 Beispielen‘fl
446 2658 601 2692 exoleseo
628 2658 719 2691 statt
743 2657 806 2692 des
831 2669 895 2702 ge-

157 2699 391 2735 wohnliehen
421 2704 592 2739 obsoleseo
621 2717 649 2739 z
669 2704 710 2738 Β.
732 2703 765 2748 2,
787 2708 842 2747 52,
864 2708 895 2738 4.

203 2760 299 2793 stare
342 2759 417 2804 ius]
463 2761 551 2803 „das
588 2762 709 2797 Recht
757 2733 895 2797 beruhe

155 2804 276 2849 nicht,
303 2805 399 2840 habe
427 2806 531 2841 1110111
555 2821 617 2843 zur
643 2809 895 2855 Grundlageffi

155 2833 382 2887 konstiuiert
422 2852 492 2887 wie
528 2855 600 2889 niti
635 2857 718 2902 aliq.
758 2868 804 2892 re.
836 2856 894 2899 24

976 1874 1065 1917 „auf
1099 1874 1181 1908 dem
1218 1875 1333 1909 durch
1366 1875 1425 1909 die
1458 1878 1587 1910 neuste
1621 1875 1715 1910 Sitte

975 1921 1243 1955 entstandenen
1276 1920 1478 1956 Brauche“.
1535 1921 1714 1957 (3011νὸ1111-

973 1967 1050 2000 11011
1082 1967 1173 2001 wird
1205 1969 1474 2013 umgekehrt
1504 1969 1598 2003 nach
1631 1969 1714 2003 dem

971 2024 1071 2057 usus,
1097 2025 1171 2049 mos
1195 2016 1374 2050 maiorum
1400 2015 1648 2050 entschieden.
1669 2036 1712 2040 —

971 2060 1115 2095 Hochst
1145 2061 1350 2096 auffallend
1376 2061 1425 2097 ist
1451 2063 1515 2097 der
1540 2063 1714 2097 Pleonas-

971 2119 1051 2142 mus
1077 2110 1350 2144 consuetudinis
1375 2120 1473 2144 usus.

1018 2156 1226 2201 usurpasse]
1266 2155 1483 2197 bezeichnet
1517 2156 1586 2190 mit
1616 2167 1715 2200 ‘repe-

969 2204 1041 2236 tere
1082 2202 1296 2238 verbunden
1335 2203 1414 2238 eine
1451 2203 1714 2248 rechtmarsige

970 2249 1345 2293 Inanspruchnahme.
1407 2249 1442 2294 4,
1475 2255 1506 2293 3,
1540 2254 1571 2285 5.
1617 2251 1713 2295 quod

964 2296 1099 2340 populi
1117 2300 1182 2341 est,
1208 2298 1400 2341 repetimus
1425 2300 1531 2342 atque
1556 2308 1712 2341 usurpa·

970 2354 1059 2378 mus.

1020 2394 1074 2424 10.
1110 2394 1234 2425 contra
1245 2391 1424 2437 tendente]
1438 2392 1578 2426 tendere
1586 2391 1713 2436 haufig

968 2436 1027 2471 fur
1046 2437 1446 2482 Parteibestrebungen
1469 2438 1534 2473 der
1552 2438 1710 2479 Politik,

968 2481 1288 2528 24,28,1.0um
1326 2486 1394 2519 aliz·
1424 2486 1498 2520 alio
1528 2486 1714 2519 tenderent

969 2530 1028 2573 24,
1055 2535 1087 2572 5,
1110 2535 1141 2566 8.
1174 2530 1232 2574 24,
1254 2536 1309 2574 31,
1337 2536 1368 2566 4.
1426 2533 1523 2566 ultra
1559 2532 1710 2566 tendere.

968 2577 1026 2620 23,
1051 2582 1103 2620 14,
1126 2581 1146 2612 8
1165 2579 1357 2622 propalam
1382 2580 1531 2614 tendere.

1019 2629 1071 2659 13.
1111 2626 1159 2659 ad
1203 2629 1374 2669 quattuor
1417 2626 1519 2659 milia
1564 2627 1712 2659 trecenti

969 2672 1215 2715 quadrayz'nta
1224 2683 1243 2716 Q
1250 2672 1411 2717 uattuor]
1421 2673 1469 2706 ad
1477 2672 1622 2706 wendet
1630 2672 1709 2707 Liv.

969 2717 1160 2752 mehrfaeh
1199 2729 1246 2752 an
1277 2719 1337 2753 bei
1369 2719 1523 2761 Zahlen,
1562 2718 1621 2753 die
1653 2718 1712 2753 bis

969 2776 1012 2798 zu
1051 2764 1122 2798 den
1159 2763 1294 2799 Einern
1332 2765 1576 2810 spezialisiert
1607 2764 1708 2808 sind;

964 2811 1006 2855 ja
1031 2822 1138 2855 sogar
1170 2811 1234 2852 23,
1262 2816 1317 2855 37,
1347 2817 1400 2847 11.
1435 2813 1490 2848 ad
1514 2813 1710 2858 quadra—

967 2859 1097 2902 9inta
1122 2869 1262 2894 unum.
