1926 3219
146 140 175 160 a.
196 133 248 160 ch.
268 133 327 159 207.

647 118 790 153 LIBER
815 117 962 153 XXVII.
1013 117 1116 154 CAP.
1142 123 1199 155 51.
1644 118 1700 160 87

147 241 313 283 quoque
351 225 535 266 civitatis
575 239 623 266 ea
661 226 839 267 victoria
877 226 1029 279 movit,
1075 229 1123 267 ut
1159 226 1244 266 iam
1284 225 1379 267 inde
1418 224 1533 266 haud
1571 239 1691 266 secus

150 299 276 340 quam
308 284 350 324 in
385 297 486 337 pace
519 298 584 324 res
618 284 729 325 inter
760 299 804 325 se
836 283 1086 326 contrahere
1119 284 1350 337 vendendo,
1382 283 1571 336 emendo,
1603 298 1693 324 mu-

150 345 270 384 tuum
304 341 442 383 dando
476 345 700 396 argentum
733 342 1022 397 creditumque
1055 343 1259 384 solvendo
1293 342 1509 383 auderent.

267 398 312 441 C.
338 399 540 442 Claudius
573 401 719 442 consul
751 415 847 442 cum
879 401 922 442 in
955 404 1096 442 castra
1128 401 1318 453 redisset,
1350 403 1477 454 caput
1510 399 1697 441 Hasdru·
1726 408 1769 438 11

149 459 271 512 balis,
305 458 416 512 quod
449 462 664 500 servatum
697 473 790 500 cum
823 473 923 500 cura
955 459 1180 511 attulerat,
1211 459 1346 511 proici
1379 462 1476 499 ante
1508 457 1698 499 hostium

149 517 355 558 stationes
397 517 671 570 captivosque
710 516 838 557 Afros
877 517 1061 568 vinctos,
1102 519 1149 556 ut
1187 518 1324 567 erant,
1364 515 1548 568 ostendi,
1593 515 1698 557 duos

150 576 280 616 etiam
313 589 362 615 ex
395 575 446 616 iis
487 574 650 616 solutos
687 574 748 614 ire
787 573 839 613 ad
877 572 1167 614 Hannibalem
1206 577 1249 614 et
1286 588 1550 627 expromere,
1591 588 1697 627 quae

149 636 245 675 acta
273 636 426 685 essent,
458 632 592 673 iussit.
649 630 879 683 Hannibal,
911 634 1030 672 tanto
1058 631 1184 672 simul
1210 632 1381 685 publico
1407 631 1697 686 familiarique
1727 629 1769 659 12

147 691 258 733 ictus
290 692 427 743 luctu,
464 703 692 744 agnoscere
725 704 768 730 se
801 689 1017 731 fortunam
1049 688 1324 744 Carthaginis
1358 690 1493 731 fertur
1525 690 1698 743 dixisse,

146 750 382 803 castrisque
419 747 518 788 inde
557 747 702 801 motis,
740 752 787 788 ut
827 748 970 789 omnia
1009 748 1183 797 auxilia,
1230 763 1336 802 quae
1377 748 1529 790 diffusa
1567 748 1697 790 latius
1727 746 1769 776 13

147 808 256 849 tueri
288 821 373 848 non
403 808 586 860 poterat,
617 805 661 846 in
693 810 930 847 extremum
956 806 1108 848 Italiae
1142 807 1348 861 angulum
1375 805 1569 848 Bruttios
1602 821 1698 848 con-

145 866 348 918 traheret,
379 868 422 905 et
447 862 779 917 Metapontinos,
815 865 1033 906 civitatem
1060 865 1314 916 universam,
1340 866 1500 906 excitos
1527 865 1698 906 sedibus

148 923 248 975 suis,
282 925 324 963 et
349 920 620 963 Lucanorum
653 923 724 977 qui
753 938 853 964 suae
881 923 1062 965 dicionis
1088 927 1209 964 erant
1234 924 1279 965 in
1303 922 1522 964 Bruttium
1549 936 1701 978 agrum

145 981 344 1022 traduxit.

147 1107 261 1148 derte,
288 1106 518 1141 beeinflusste
547 1107 606 1141 die
632 1107 887 1152 Finanzlage“,

144 1154 214 1188 wie
246 1153 314 1196 34,
341 1157 402 1194 54,
429 1156 460 1188 8.
499 1157 631 1188 motum
663 1165 706 1189 cx
737 1156 888 1199 antiquo

148 1217 192 1229 =
216 1200 422 1234 verandert.

194 1248 267 1282 iam
305 1246 406 1292 inde]
449 1246 593 1291 „gleich
619 1258 691 1282 von
723 1247 772 1282 da
805 1248 884 1283 ab“.

145 1293 206 1337 28,
223 1298 277 1337 16,
292 1297 311 1327 3
332 1294 406 1327 iam
434 1294 516 1328 inde
535 1314 580 1319 —
599 1295 706 1337 effusi
724 1295 885 1330 abibant.

196 1351 252 1375 res
301 1341 394 1374 inter
442 1350 477 1374 se
527 1341 749 1386 contrahere]
805 1342 885 1385 „sie

145 1386 334 1421 schlossen
355 1385 554 1421 Geschafte
581 1386 668 1429 ab“;
696 1387 888 1422 kaufman-

143 1433 289 1468 nischer
327 1432 530 1466 Ausdruck.
577 1433 611 1475 6,
640 1438 695 1475 11,
723 1438 754 1468 9.
794 1436 888 1469 aeris

141 1481 254 1515 alieni
303 1499 348 1504 —
395 1489 529 1523 mayna
580 1480 634 1514 vis
683 1484 887 1516 contracta:

141 1526 328 1561 Schulden
352 1525 628 1560 kontrahieren.

187 1572 386 1618 vendendo]
423 1573 579 1608 beachte
612 1573 671 1608 die
704 1574 882 1619 Gruppie-

140 1631 235 1664 rung
282 1620 379 1654 nach
423 1619 494 1654 den
537 1620 777 1664 Hauptteilen
821 1621 883 1656 des

140 1666 474 1702 kaufmannischen
483 1666 863 1703 Gesehiiftsbetriebes
874 1682 882 1702 ε

140 1713 293 1748 Umsatz
325 1713 389 1747 der
420 1713 557 1747 Waren
591 1713 629 1747 in
663 1713 757 1748 Geld
788 1716 882 1758 (ven-

142 1760 259 1795 dendo
291 1760 464 1803 emendo),
498 1760 552 1794 als
578 1760 794 1803 Asyndeton
820 1772 882 1806 ge-

140 1806 288 1847 ordnet;
309 1805 384 1840 und
399 1806 662 1851 Geldgeschaft
675 1806 727 1841 im
741 1808 882 1851 eigent—

140 1853 266 1887 lichen
286 1852 397 1887 Sinne
419 1854 597 1896 (mutuum
617 1875 659 1878 —-
681 1855 882 1899 creditum),

143 1899 260 1934 durch
285 1911 352 1944 que
375 1900 598 1936 verbunden.

190 1950 243 1981 12.
280 1947 426 1990 publico
478 1948 727 1992 familiarique
769 1949 880 1993 luc-tu]

139 1993 342 2035 familiaris
391 1993 475 2028 tritt
523 1994 714 2029 mehr-sach
763 1995 883 2030 neben

135 2041 305 2084 publicus
348 2039 399 2074 im
439 2040 550 2076 Sinne
592 2052 660 2076 von
692 2043 881 2086 privatus:

960 1108 1020 1151 26,
1041 1111 1096 1150 41,
1118 1111 1150 1142 9.
1170 1108 1369 1150 familiaris
1392 1109 1528 1143 orbitas
1546 1128 1593 1134 —-
1609 1108 1702 1153 pub·

960 1155 1030 1190 lica
1056 1156 1182 1189 virtus.

960 1201 1704 1283 ἀ-ἕέηἶῗθῑὶἕίὲζιῑέέἷέῗέἕέἓῖῗᾷἶῖζὶῗέ

984 1261 996 1282 1
1022 1261 1036 1283 S
1133 1261 1174 1282 ΠΙ
1348 1264 1349 1268 ’

959 1295 1043 1329 dem
1062 1295 1182 1329 Horaz
1202 1306 1282 1330 vor:
1313 1295 1378 1330 Od.
1401 1299 1433 1337 4,
1448 1299 1480 1336 4,
1497 1299 1540 1330 70
1560 1296 1702 1338 occidit,

959 1342 1092 1377 occidit
1116 1352 1194 1386 spes
1219 1343 1334 1376 onmis
1360 1346 1391 1376 et
1415 1343 1567 1384 fortuna
1586 1343 1703 1378 nostri

959 1389 1119 1423 nominis
1179 1388 1416 1423 Hasdrubale
1479 1391 1700 1433 interempto.

960 1434 1034 1469 Der
1060 1435 1247 1469 Scholiast
1271 1434 1502 1479 Porphyrion
1533 1436 1703 1470 bemerkt

960 1481 1068 1516 dazu:
1125 1482 1211 1516 haec
1266 1493 1388 1516 revera
1443 1483 1703 1526 frequenter

959 1529 1136 1563 cliaeisse
1169 1529 1345 1563 dicitur
1376 1529 1589 1572 Hannibal,
1622 1540 1703 1564 cum

959 1579 1069 1619 caput
1093 1576 1224 1618 fratris
1242 1577 1302 1610 sui
1321 1576 1570 1610 Hasdrubalis
1589 1577 1702 1611 vidis-

955 1625 1017 1664 set,
1042 1623 1138 1666 quod
1156 1622 1255 1656 Nero
1281 1623 1330 1657 de
1355 1623 1599 1657 industria
1625 1623 1701 1658 ad-

956 1669 1097 1702 latum
1145 1680 1188 1703 ex
1233 1669 1357 1704 Gallia
1402 1673 1506 1703 ante
1550 1673 1702 1704 castra

955 1715 1032 1750 eius
1074 1715 1169 1750 nihil
1211 1717 1330 1750 adhue
1371 1717 1517 1751 scientis
1556 1717 1598 1751 de
1634 1717 1702 1752 hac

955 1762 1059 1797 caede
1089 1763 1242 1806 proici
1266 1764 1429 1797 iusserat.
1459 1783 1502 1788 —-
1530 1762 1703 1797 Offenbar

953 1809 1050 1843 nach
1087 1808 1225 1843 Livius.
1265 1830 1309 1834 —
1354 1809 1589 1844 Personliche
1629 1809 1698 1844 Ge-

957 1856 1103 1890 danken
1141 1856 1216 1890 und
1249 1856 1469 1890 Schmer-aen
1506 1858 1628 1890 treten
1661 1856 1701 1891 in

956 1902 1021 1936 der
1041 1902 1145 1937 Seele
1173 1903 1236 1937 des
1263 1902 1411 1948 grossen
1430 1903 1582 1937 Mannes
1603 1903 1700 1937 auch

950 1949 1044 1993 jetzt
1069 1949 1221 1984 zurfick:
1252 1950 1327 1994 vgl.
1349 1949 1409 1991 33,
1429 1953 1486 1992 48,
1507 1953 1527 1984 2
1554 1950 1701 1993 saepius

948 1997 1097 2039 patriae
1128 2007 1235 2040 quam
1266 2007 1370 2031 suum
1408 2000 1567 2031 eventum
1599 1997 1703 2031 mise·

954 2046 1066 2077 ratus.
