1926 3219
151 122 168 140 a
197 115 249 140 Ch.
269 115 329 140 209.

652 97 796 132 LIBER
821 96 967 132 XXVII.
1019 96 1119 131 CAP.
1150 100 1201 130 13.
1646 93 1703 135 25

151 208 272 249 vobis
305 207 347 247 in
381 205 542 246 vallum
576 207 806 260 portasque
838 218 924 244 non
956 204 1049 257 ipsa
1082 205 1223 244 castra
1255 204 1320 242 est
1352 201 1600 256 adgressus:
1634 201 1702 242 de-

155 265 394 308 seruissetis
421 264 612 318 profecto
640 263 789 304 eodem
809 265 969 303 terrore
990 264 1143 314 castra,
1171 275 1254 315 quo
1275 260 1480 301 omisistis
1501 273 1702 313 pugnam.

152 325 224 379 qui
263 337 397 377 pavor
436 322 524 375 hic,
563 323 632 375 qui
670 325 825 374 terror,
863 335 971 374 quae
1009 322 1200 374 repente,
1241 319 1311 372 qui
1350 321 1393 359 et
1423 332 1518 359 cum
1551 318 1703 371 quibus
1731 326 1750 352 ·''

151 381 412 436 pugnaretis,
445 381 604 422 oblivio
632 381 798 421 animos
825 378 966 432 cepit?
1016 393 1166 431 nempe
1198 378 1309 418 idem
1342 379 1440 417 sunt
1470 376 1514 417 hi
1546 376 1704 427 hostes,

150 454 255 494 quos
293 439 501 480 vincendo
541 441 584 479 et
614 439 748 480 victos
781 437 995 490 sequendo
1035 437 1221 489 priorem
1261 437 1468 476 aestatem
1509 434 1704 487 absump-

150 498 280 552 sistis,
308 498 460 551 quibus
489 497 578 537 dies
605 499 836 548 noctesque
862 494 1126 548 fugientibus
1152 508 1228 547 per
1252 493 1332 533 hos
1359 493 1446 533 dies
1474 493 1705 541 institistis,

151 571 257 610 quos
297 556 460 597 levibus
500 555 673 609 proeliis
714 552 952 605 fatigastis,
997 565 1104 604 quos
1148 551 1349 591 hesterno
1396 550 1461 590 die
1505 565 1582 591 nec
1626 551 1706 590 iter

150 615 288 656 facere
327 629 404 655 nec
442 616 582 654 castra
620 625 775 664 ponere
815 609 931 662 passi
965 609 1079 650 estis.

1142 610 1295 650 omitto
1329 623 1395 662 ea,
1428 608 1582 662 quibus
1617 608 1704 661 glo-
1733 603 1748 631 '⁷

150 673 253 714 riari
286 672 485 726 potestis3
518 670 636 711 cuius
669 671 711 709 et
742 668 876 722 ipsius
907 667 1065 722 pudere
1100 682 1147 708 ac
1180 668 1396 721 paenitere
1424 681 1498 707 vos
1527 669 1707 720 oportet,

149 732 343 772 referam.

405 741 557 781 nempe
597 727 744 780 aequis
784 726 982 767 manibus
1020 726 1218 767 hesterno
1259 725 1326 766 die
1364 725 1592 766 diremistis
1632 739 1707 778 pu·
1745 779 1752 786 ·

153 803 294 844 gnam.
338 787 439 841 quid
464 786 569 827 haec
595 799 693 838 nox,
726 785 826 839 quid
852 785 921 826 hic
948 784 1036 825 dies
1065 783 1238 826 attulit?
1270 786 1440 824 vestrae
1473 784 1526 823 iis
1559 783 1706 837 copiae
1743 792 1754 807 ²

149 847 382 887 inminutae
423 847 540 897 sunt,
583 859 637 885 an
674 844 845 885 illorum
887 842 1063 885 auctae?
1108 858 1196 884 non
1235 842 1429 897 equidem
1467 841 1573 881 mihi
1611 855 1708 882 cum

150 904 336 946 exercitu
367 917 461 944 meo
494 903 611 956 loqui
654 902 815 954 videor,
853 916 931 943 nec
969 916 1064 943 cum
1103 902 1309 943 Romanis
1348 900 1581 952 militibus3
1621 913 1708 941 cor-

132 977 254 1017 epora
294 964 465 1002 tantum
504 965 630 1015 atque
670 975 788 1002 arma
821 961 968 1002 eadem
1000 962 1110 1002 sunt.

1173 975 1245 1012 an,
1289 960 1326 1000 si
1358 958 1506 1000 eodem
1539 958 1706 999 animos

149 1020 427 1071 habuissetis,
457 1022 579 1074 terga
611 1021 754 1060 vestra
778 1019 956 1060 vidisset
981 1018 1149 1060 hostis‘?
1182 1019 1308 1073 signa
1334 1018 1460 1058 alicui
1487 1017 1710 1071 manipulo

152 1082 225 1121 aut
258 1079 424 1120 cohorti
457 1077 719 1119 ademisset?
782 1078 918 1119 adhuc
951 1078 1084 1119 caesis
1116 1077 1357 1131 legionibus
1382 1075 1590 1117 Romanis
1623 1075 1711 1127 glo-

158 1138 370 1190 siabatur;
408 1151 484 1178 vos
522 1137 588 1177 illi
628 1136 834 1178 hodierno
867 1136 934 1177 die
965 1137 1150 1191 primum
1181 1135 1321 1190 fugati
1354 1134 1563 1175 exercitus
1597 1133 1710 1174 dedi-

156 1196 236 1237 rtis
265 1195 427 1237 decus“.
478 1195 638 1236 clamor
663 1194 760 1236 inde
787 1197 917 1248 ortus,
948 1197 996 1235 ut
1027 1195 1196 1236 veniam
1230 1194 1320 1234 eius
1353 1193 1436 1233 diei
1468 1192 1606 1246 daret-3
1637 1191 1711 1232 ubi
1738 1204 1742 1212 ·

155 1255 286 1296 vellet
318 1254 485 1307 deinde,
518 1254 780 1308 experiretur
812 1254 997 1294 militum
1031 1267 1204 1294 suorum
1237 1252 1412 1293 animos.

1472 1264 1577 1305 „ego
1609 1265 1710 1292 vero

152 1313 371 1367 experiar“
409 1313 564 1366 inquit,
605 1312 807 1365 „milites‚
846 1315 888 1353 et
927 1326 1004 1353 vos
1043 1311 1232 1353 crastino
1270 1310 1338 1351 die
1370 1310 1416 1350 in
1449 1310 1583 1350 aciem
1616 1309 1711 1349 edu-

151 1385 263 1425 cam,
300 1373 348 1412 ut
387 1371 570 1412 victores
608 1370 752 1423 potius
792 1385 919 1424 quam
957 1371 1061 1411 victi
1098 1370 1268 1410 veniam
1305 1368 1544 1422 impetretis
1585 1382 1712 1421 quam

150 1429 333 1484 petitis“.

152 1487 294 1537 iussit,

408 1428 674 1482 cohortibus,
725 1443 832 1482 quae
884 1429 1008 1482 signa
1058 1428 1308 1480 amiserant,

351 1487 704 1541 centurionesque
755 1487 1089 1541 manipulorum,
1144 1500 1324 1541 quorum
1379 1485 1505 1540 signa
1554 1485 1712 1525 amissa

1363 1426 1570 1467 hordeum
1620 1426 1712 1467 dari

150 1546 333 1600 fuerant,
365 1545 581 1587 destrictis
615 1545 767 1600 gladiis
800 1546 1029 1587 discinctos
1063 1545 1248 1597 destitui,
1280 1547 1333 1597 et,
1364 1547 1414 1585 ut
1444 1545 1618 1597 postero
1644 1543 1711 1583 die

150 1672 210 1707 bei
239 1672 317 1706 Liv.
345 1673 436 1707 stets
469 1673 539 1707 den
566 1671 678 1706 Dativ
702 1672 765 1706 des
792 1672 898 1707 Ortes

149 1719 211 1754 bei
243 1719 331 1753 sich.
359 1719 419 1763 26,
445 1723 501 1761 39,
537 1723 591 1753 22.
625 1720 820 1754 incidentis
853 1739 896 1743 —

149 1766 301 1809 foribus.

199 1817 231 1848 3.
271 1823 393 1857 nempe
431 1813 540 1846 iidem
570 1815 657 1846 sunt
687 1812 741 1858 722]
774 1823 898 1856 ‘nempe

152 1859 222 1893 mit
248 1859 332 1893 dem
355 1859 465 1893 Sinne
493 1859 593 1893 einer
614 1859 896 1904 Aufforderung,

153 1905 212 1940 die
227 1905 435 1940 Thatsache
456 1906 511 1940 als
530 1905 668 1950 richtig
686 1906 896 1950 zuzugeben

154 1969 198 1981 =
231 1952 351 1995 „doch
391 1951 589 1987 offenbar“.

152 2000 276 2043 aequis
300 2000 479 2034 manibus.

199 2047 358 2091 priorem
400 2046 583 2091 aestatem]
624 2057 662 2080 es
698 2046 779 2080 sind
819 2046 895 2080 also

153 2093 213 2127 die
241 2103 269 2128 e.
297 2096 317 2126 2
350 2094 458 2127 unter
489 2093 560 2127 den
585 2092 787 2127 Nummern
816 2097 833 2126 1
860 2105 895 2129 u.

153 2144 174 2174 3
201 2142 414 2183 genannten
439 2139 640 2184 Legionen.

201 2190 232 2220 5.
273 2187 396 2221 omitto
420 2207 465 2212 —
496 2187 666 2232 referam]
693 2186 805 2231 Figur
831 2187 896 2221 der

150 2234 378 2277 praeteritio:
402 2233 487 2277 „ich
500 2233 688 2278 fibergehe
703 2245 779 2267 was
795 2233 898 2268 Euch

154 2279 338 2315 rtihmlich
352 2280 429 2315 sein
443 2280 583 2314 konnte
599 2280 672 2323 (die
687 2280 898 2324 bisherigen

153 2325 333 2371 Erfolge),
367 2327 565 2361 erwahnen
596 2327 676 2361 will
707 2328 788 2370 ich,
820 2338 896 2361 was

153 2372 258 2406 Euch
284 2373 494 2416 gleichfalls
515 2374 691 2417 (namlich
711 2374 780 2409 wie
799 2374 896 2408 Eure

153 2418 392 2464 Niederlage)
427 2419 596 2455 Schande
628 2421 771 2455 macht:
816 2420 896 2455 dass

154 2465 216 2500 Ihr
242 2466 306 2500 das
332 2467 426 2501 erste
452 2467 634 2502 romische
660 2467 757 2502 Heer
785 2468 896 2502 seid“.

154 2524 189 2548 u.
211 2524 237 2546 s.
258 2524 302 2547 w.

158 2560 897 2652 2123?ssssizggsszssfflcffzsstassssosseffff

157 2651 264 2686 nicht
286 2653 575 2688 nachzuweisen.
605 2664 634 2688 c.
658 2657 712 2695 12,
734 2657 788 2689 10.

204 2698 399 2734 diremistis
413 2701 593 2745 puynam]
615 2699 696 2742 „ihr
715 2700 809 2734 habt
827 2700 899 2734 den

158 2744 297 2790 Kampf
313 2745 531 2791 beendigt“;
550 2746 786 2791 gewo'hnlich
805 2746 900 2781 wird

158 2792 327 2826 dirimere
347 2803 530 2836 pugnam,
556 2797 750 2836 certamen,
775 2795 898 2828 simul-

157 2841 248 2873 tates
283 2850 356 2874 von
395 2839 478 2874 dem
511 2842 656 2885 gesagt,
696 2840 760 2875 der
791 2840 898 2876 einen

650 1956 680 1994 ἓ.
710 1956 742 1987 5.
774 1963 897 1997 ‘nempe

1188 1671 1411 1705 zwischen
1515 1670 1713 1704 anderen

971 1671 1086 1706 Streit

970 1719 1180 1753 schlichtet.

1019 1769 1050 1800 7.
1089 1765 1291 1811 ademisset]
1336 1765 1405 1798 mit
1441 1762 1713 1799 feststehender

969 1812 1169 1856 Wendung
1188 1814 1273 1856 sagt
1285 1811 1361 1847 Liv.
1382 1811 1420 1845 in
1435 1811 1505 1846 den
1520 1810 1711 1844 Schlacht-

968 1859 1163 1894 berichten
1181 1860 1288 1903 siqua
1302 1869 1428 1902 capere
1444 1858 1531 1893 oder
1545 1858 1710 1891 adimere.

970 1917 999 1940 c.
1021 1909 1077 1948 42,
1100 1910 1130 1940 7.
1156 1906 1265 1950 sigma
1291 1925 1333 1930 -
1355 1906 1533 1949 adempta.

1017 1956 1049 1988 8.
1088 1953 1229 1987 veniam
1272 1953 1348 1986 eius
1385 1953 1458 1986 diei
1491 1950 1609 1996 daret]
1650 1960 1712 1992 „er

969 1999 1117 2034 mochte
1143 1999 1202 2033 fiir
1228 1999 1354 2034 diesen
1378 1999 1459 2043 Tag
1478 1998 1713 2040 Verzeihung

969 2046 1183 2088 gewahren,
1223 2046 1287 2080 ihn
1323 2045 1427 2079 nicht
1465 2045 1710 2079 antechnen‘&

969 2092 1028 2134 26,
1053 2097 1105 2134 17,
1129 2096 1182 2128 13.
1210 2093 1299 2127 dota
1323 2094 1432 2127 venia
1456 2093 1532 2127 eius
1557 2092 1639 2126 diei.

1016 2140 1159 2185 deinde]
1177 2156 1221 2168 =
1236 2139 1434 2183 ,‚darnach,
1454 2140 1493 2173 in
1513 2138 1711 2173 Zukunft“.

968 2197 998 2220 c.
1027 2191 1083 2229 23,
1111 2191 1141 2221 7.
1184 2188 1217 2221 is
1252 2187 1328 2221 dies
1365 2187 1495 2221 deinde
1533 2185 1712 2221 sollemnis

969 2237 1142 2268 servatus.

1017 2291 1079 2325 eyo
1116 2280 1212 2325 vero]
1252 2291 1333 2315 vero
1370 2280 1474 2314 dient
1512 2278 1713 2323 allgemein

971 2338 1034 2360 zur
1059 2327 1331 2372 Bekraftigung
1356 2326 1419 2361 der
1446 2326 1625 2369 Antwort,
1652 2336 1712 2359 so-

968 2374 1069 2408 wohl
1113 2375 1179 2408 der
1221 2373 1507 2415 verneinenden,
1554 2373 1608 2406 als
1649 2371 1713 2405 be-

967 2420 1155 2465 jahenden
1193 2442 1236 2446 -—
1273 2422 1444 2456 letzteres
1481 2418 1712 2455 namentlich

970 2467 1040 2502 mit
1076 2468 1300 2502 Pronomen:
1336 2467 1396 2509 28,
1417 2471 1449 2510 9,
1471 2470 1501 2501 8.
1539 2478 1575 2500 se
1612 2475 1710 2506 vero3

971 2515 1066 2548 ohne
1074 2515 1299 2549 Pronomen:
1315 2526 1343 2549 c.
1362 2518 1416 2556 19,
1431 2518 1483 2548 11.
1499 2524 1578 2548 cum
1593 2532 1638 2537 —
1651 2523 1711 2546 cu—

965 2572 1050 2604 pere
1074 2572 1156 2596 vero
1181 2563 1320 2597 diceret.

1018 2611 1049 2643 9.
1088 2608 1274 2654 hordeum]
1322 2610 1424 2643 sonst
1467 2607 1598 2641 Futter
1647 2605 1713 2639 der

970 2654 1120 2696 Pferde;
1183 2655 1242 2689 die
1297 2654 1476 2689 Soldaten
1531 2651 1713 2687 erhielten

939 2738 941 2740 ,
971 2700 1137 2735 Waizen.
1173 2695 1335 2735 Khnh'ch
1349 2701 1505 2735 bestraft
1525 2699 1712 2734 Gracchus

972 2746 1030 2789 24,
1053 2752 1108 2791 16,
1125 2751 1178 2782 13.
1205 2759 1279 2782 non
1309 2748 1416 2782 aliter
1446 2758 1554 2792 quam
1578 2749 1713 2780 stanest

972 2795 1089 2828 cibum
1108 2796 1361 2839 potionemque
1386 2815 1430 2820 —-
1457 2797 1636 2838 capturos.

1018 2842 1196 2877 destrictis
1238 2841 1388 2887 gladiis]
1438 2841 1508 2876 mit
1557 2839 1712 2875 blossem
