1926 3219
172 356 190 386 7

171 414 190 446 8

171 589 190 619 9

148 764 191 795 10

149 940 188 970 11

148 1174 192 1204 13

218 125 245 166 2
741 122 884 157 LIBER
909 122 1057 157 XXVII.
1103 122 1202 157 CAP.
1231 128 1260 157 1.
1620 145 1645 163 a.
1667 145 1694 163 u.
1715 139 1775 164 544.

218 231 386 286 magnis
412 231 637 272 itineribus
665 229 717 270 ad
737 228 1009 270 Herdoneam
1036 227 1258 270 contendit
1284 232 1337 284 et,
1363 245 1444 285 quo
1472 232 1568 285 plus
1595 232 1774 274 terroris

217 290 334 332 hosti
367 290 572 340 obiceret,
605 288 693 328 acie
726 287 936 327 instructa
969 286 1160 327 accessit.
1221 301 1299 340 par
1331 289 1509 331 audacia
1540 290 1778 344 Romanus,

218 348 400 390 consilio
428 351 469 388 et
493 347 656 387 viribus
678 345 828 399 impar,
854 344 987 398 copiis
1006 345 1166 398 raptim
1188 344 1350 386 eductis
1371 347 1572 390 conflixit.
1623 349 1774 404 quinta

218 407 329 461 legio
357 409 398 446 et
425 406 599 446 sinistra
625 403 694 444 ala
717 403 870 444 acriter
889 416 1080 457 pugnam
1100 403 1299 444 inierunt.
1351 406 1538 447 ceterum
1557 406 1775 448 Hannibal

218 466 342 519 signo
370 463 582 516 equitibus
610 462 724 516 dato,
755 463 815 515 ut,
842 476 937 502 cum
964 461 1184 515 pedestres
1212 461 1323 503 acies
1350 469 1631 516 occupassent
1655 480 1774 519 prae-

218 523 327 563 senti
343 521 574 562 certamine
590 520 735 561 oculos
751 521 1012 574 animosque,
1033 520 1302 562 circumvecti
1316 535 1416 575 pars
1432 523 1574 562 castra
1586 523 1775 565 hostium

216 595 314 635 pars
354 583 477 634 terga
516 579 800 632 spectantium
839 579 1108 633 invaderent,
1147 579 1238 632 ipse
1276 579 1321 619 in
1359 578 1433 621 Cn.
1466 578 1591 621 Fulvi
1628 582 1775 623 simili-

215 639 406 680 tudinem
438 638 638 691 nominis,
670 638 768 692 quia
800 636 873 679 Cn.
900 636 1098 678 Fulvium
1130 640 1373 692 praetorem
1405 638 1577 679 biennio
1605 642 1703 680 ante
1730 641 1776 681 in

215 698 350 738 isdem
383 696 596 738 devicerat
625 697 745 747 locis,
776 696 1015 750 increpans,
1048 696 1232 737 similem
1260 699 1458 737 eventum
1484 710 1656 751 pugnae
1682 697 1775 740 fore

218 755 484 797 adfirmabat.
545 769 681 808 neque
709 769 759 795 ea
784 769 880 808 spes
908 769 1017 795 vana
1042 754 1140 795 fuit:
1173 769 1272 796 nam
1300 768 1395 796 cum
1422 756 1660 797 comminus
1688 757 1776 798 acic

216 817 258 856 et
295 815 488 868 peditum
528 813 762 855 certamine
799 813 927 853 multi
963 812 1256 854 Romanorum
1295 814 1562 868 cecidissent,
1610 816 1779 856 starent

215 875 362 914 tamen
401 872 572 914 ordines
611 872 837 926 signaque,
875 871 1083 925 equestris
1121 872 1331 912 tumultus
1371 886 1395 913 a
1430 875 1552 926 tergo
1593 873 1717 914 simul
1752 888 1778 914 a

219 932 371 973 castris
404 931 567 972 clamor
597 930 770 972 hostilis
803 905 972 971 abditus
1006 932 1170 970 sextam
1205 933 1304 972 ante
1335 930 1561 985 legionem,
1595 946 1703 986 quae
1735 933 1779 973 in

218 990 403 1032 secunda
448 990 539 1031 3010
582 989 725 1043 posita
762 989 879 1042 prior
919 988 971 1029 ab
1009 987 1209 1029 Numidis
1246 989 1420 1030 turb’ata
1460 992 1541 1042 est,
1586 990 1779 1043 quintam

221 1048 370 1089 deinde
403 1051 530 1102 atque
564 1062 657 1102 eos,
691 1048 764 1102 qui
797 1047 849 1088 ad
881 1047 1019 1101 prima
1053 1047 1176 1101 signa
1209 1050 1343 1101 erant,
1376 1048 1542 1089 avertit.
1603 1063 1702 1102 pars
1734 1048 1779 1090 in

218 1107 366 1162 fugam
400 1107 534 1159 effusi,
566 1120 667 1160 pars
696 1106 741 1147 in
767 1106 907 1147 medio
934 1106 1061 1160 caesi,
1091 1106 1165 1147 11111
1193 1108 1236 1146 et
1261 1106 1353 1160 ipse
1378 1105 1452 1147 Cn
1478 1105 1654 1148 Fulvius
1682 1121 1780 1148 cum

218 1166 412 1208 undecim
457 1165 642 1206 tribunis
687 1165 874 1205 militum
920 1164 1082 1206 cecidit.
1150 1163 1442 1205 Romanorum
1484 1165 1780 1220 sociorumque

218 1227 322 1280 quot
359 1239 483 1266 caesa
521 1225 564 1265 in
603 1238 651 1265 eo
688 1224 851 1277 proelio
891 1224 1010 1264 milia
1043 1223 1147 1276 sint,
1186 1224 1282 1277 quis
1315 1238 1392 1277 pro
1426 1226 1540 1264 certo
1574 1223 1781 1278 adfirmet,

171 1305 179 1311 -
217 1297 312 1325 cum
357 1283 461 1324 alibi
498 1282 702 1324 tredecim
741 1282 877 1335 milia,
922 1282 1024 1323 alibi
1061 1281 1174 1322 haud
1213 1282 1309 1335 plus
1349 1296 1478 1336 quam
1516 1285 1680 1335 septem
1717 1283 1778 1323 in-

149 1350 192 1380 14

218 1341 417 1383 veniam?
486 1341 640 1383 castris
679 1341 920 1395 praedaque
959 1341 1097 1382 victor
1134 1341 1309 1394 potitur.
1376 1339 1648 1382 Herdoneam
1681 1341 1782 1395 quia

220 1403 261 1442 et
292 1401 553 1442 defecturam
585 1400 716 1441 fuisse
750 1399 803 1441 ad
834 1399 1050 1440 Romanos
1084 1399 1309 1453 comperit,
1346 1413 1424 1440 nec
1458 1413 1703 1440 mansuram
1735 1399 1781 1440 in

216 1459 317 1513 fide,
362 1460 397 1500 si
441 1459 537 1500 inde
581 1459 878 1512 abscessisset,
926 1457 1202 1499 multitudine
1241 1458 1356 1498 omni
1394 1457 1694 1523 Metapontum
1731 1471 1781 1499 ac

217 1518 402 1560 Thurios
440 1518 638 1559 traducta
676 1517 883 1570 incendit3
922 1517 1076 1558 occidit
1114 1516 1349 1570 principes,
1388 1517 1459 1571 qui
1497 1530 1593 1557 cum
1624 1515 1779 1558 Fulvio

1035 1656 1155 1699 „noch
1163 1666 1239 1689 war
1247 1654 1304 1688 die
1314 1653 1345 1688 ei
1350 1654 1536 1698 gentliche
1545 1653 1785 1700 Aufstellung

1035 1703 1139 1737 nicht
1159 1702 1418 1736 erschflttert.“
1449 1702 1594 1736 ordines
1606 1702 1782 1746 siqnaque

265 1661 295 1693 7.
335 1657 465 1701 quinta
503 1658 593 1701 leglio
633 1660 664 1691 et
696 1657 850 1691 sinistra
881 1655 959 1701 αἶα]

218 1703 277 1738 die
311 1708 342 1740 5.
370 1704 512 1748 Legion
541 1703 610 1738 mit
635 1703 700 1738 der
726 1704 787 1738 αἶα
811 1704 963 1737 sinistra

216 1751 336 1785 bildet
363 1751 428 1785 das
453 1753 561 1794 erste,
589 1750 648 1785 die
671 1755 702 1785 6.
730 1751 798 1784 mit
817 1750 882 1785 der
902 1751 963 1785 αἶα

216 1799 346 1832 deatra
360 1798 425 1832 das
442 1798 571 1833 zweite
583 1797 743 1832 Treffen:
759 1797 833 1842 vgl.
850 1808 878 1831 c.
889 1801 962 1840 2,6.

219 1848 273 1888 12,
297 1849 350 1879 14.
381 1849 435 1887 14,
455 1849 487 1879 3.
514 1849 570 1888 42,
592 1849 624 1879 2.
650 1848 733 1880 11.ὂ.
762 1865 805 1869 —
832 1845 894 1878 αἶα
921 1861 964 1872 =

217 1891 449 1936 Kontingent
481 1892 546 1926 der
578 1893 668 1926 socii
677 1907 684 1934 3
725 1891 820 1925 nach
846 1891 965 1925 ihrem

218 1938 528 1983 ursprfinglichen
556 1938 725 1982 Zwecke,
753 1938 811 1972 die
832 1937 966 1973 beiden

217 1986 383 2020 Flanken
427 1986 492 2020 der
535 1985 677 2029 Legion
723 1997 767 2019 zu
811 1985 964 2029 decken,

218 2034 347 2068 dextra
372 2033 447 2066 und
472 2034 625 2067 sinistra
651 2033 827 2076 genannt.

266 2084 297 2115 8.
325 2081 428 2124 siyno
445 2100 487 2104 —
503 2079 603 2124 dato]
626 2079 685 2113 ein
704 2079 965 2113 vei-abredetes

220 2125 349 2171 Signal
386 2127 482 2160 muss
518 2127 573 2161 oft
605 2126 711 2160 einen
743 2125 875 2160 Befehl
911 2137 963 2160 er-

220 2177 360 2214 setzem
389 2173 505 2208 daher
529 2175 675 2218 siqnum
694 2174 783 2208 dare
801 2172 863 2207 bei
883 2172 962 2208 Liv.

220 2238 262 2249 =
298 2220 411 2255 Ordre
459 2220 624 2255 erteilen.
689 2231 718 2254 c.
753 2223 808 2263 27,
843 2224 874 2254 2.
919 2221 966 2254 si-

217 2279 329 2313 qnum
355 2268 469 2310 dedit,
495 2271 545 2302 ut.

266 2326 345 2349 cnm
378 2316 472 2349 acies
498 2318 730 2359 occupassent
757 2334 800 2338 ——
827 2313 964 2359 oculos]

220 2373 349 2404 „wenn
374 2362 432 2396 dic
459 2362 576 2397 Heere
603 2361 662 2396 die
688 2361 965 2395 Aufmerksam-

218 2408 298 2443 keit
324 2409 389 2442 auf
413 2409 490 2442 sich
519 2419 684 2452 gezogen
709 2408 881 2450 hatten“;
922 2420 963 2441 zu

219 2457 339 2490 oculos
366 2466 440 2500 erg.
467 2457 717 2499 spectantium.

267 2507 298 2537 9.
338 2503 376 2536 in
418 2502 481 2538 Cn.
524 2503 640 2537 Fulvi
692 2502 965 2536 similitudinem

218 2550 430 2584 nomz'nis—
443 2550 653 2593 increpans]
673 2549 842 2584 derselbe
861 2549 965 2583 hatte

221 2597 292 2631 den
311 2597 514 2631 Beinamen
537 2596 722 2631 Centum
733 2596 847 2638 alus·
870 2595 965 2629 nach

219 2643 280 2687 25,
295 2648 326 2679 3.
347 2655 382 2677 u.
401 2648 455 2678 21.
474 2644 578 2678 hatte
599 2643 643 2677 H.
665 2643 845 2677 eb<ndort
858 2642 964 2677 einen

219 2673 409 2725 Ftilvius
436 2690 627 2725 Flaccus
653 2690 809 2734 besiegt.
837 2710 880 2715 —-
907 2690 963 2723 in-

220 2748 365 2781 crepare
390 2738 456 2772 hat
477 2738 535 2772 die
562 2718 805 2782 geschmahte
826 2737 962 2771 Person

221 2783 310 2818 oder
337 2784 453 2819 Sache
488 2787 590 2819 sonst
622 2786 713 2819 stets
745 2783 796 2818 im
822 2782 963 2819 Akkus.

219 2831 282 2866 bei
308 2831 397 2865 sich.

273 2882 326 2912 10.
359 2881 495 2913 starent
529 2899 570 2903 —
605 2878 748 2913 ordines
773 2877 962 2922 sz'ynaque]

1037 1750 1116 1784 sind
1137 1749 1191 1784 oft
1211 1748 1266 1783 als
1285 1748 1521 1793 Grundlagen
1540 1748 1604 1782 der
1617 1749 1780 1783 Marsch-

1037 1796 1113 1831 und
1156 1795 1504 1839 Gefechtsordnung
1552 1795 1778 1830 verbunden.

1038 1854 1068 1877 c.
1087 1846 1142 1885 14,
1159 1847 1188 1877 7.
1217 1843 1414 1877 turbarunt
1433 1843 1540 1886 siyna
1559 1842 1780 1887 ordinesque.

1038 1890 1108 1925 Ein
1122 1889 1315 1934 Hauptteil
1333 1889 1398 1923 der
1410 1889 1677 1923 militarischen
1689 1890 1781 1923 Aus-

1038 1938 1194 1982 bildung
1218 1936 1284 1970 ist:
1323 1937 1467 1971 ordines
1491 1946 1650 1979 servare,
1673 1937 1781 1981 siyna

1037 1995 1072 2019 SC
1100 1996 1146 2018 uz.

1075 1996 1257 2075 (quuestro's
1278 2031 1468 2074 tumultus]
1492 2029 1551 2064 die
1573 2029 1732 2075 Endung
1750 2031 1783 2065 is

1037 2078 1097 2112 fiir
1109 2079 1175 2112 das
1184 2076 1444 2111 Maskulinum.
1473 2080 1596 2121 c.42‚2
1611 2078 1782 2122 equestris

1037 2129 1162 2160 terror.
1200 2124 1259 2166 29,
1277 2128 1333 2166 35,
1356 2128 1386 2158 7.
1402 2125 1579 2158 terrestris
1592 2125 1777 2158 exercitus.

1088 2176 1141 2207 11.
1180 2175 1316 2206 sertam
1339 2175 1422 2205 ante
1435 2170 1622 2216 legionem]
1638 2173 1720 2205 ante
1734 2186 1777 2198 =

1034 2221 1216 2263 primurm
1244 2218 1449 2261 entspricht
1474 2218 1557 2251 dem
1580 2216 1779 2261 folgenden

1039 2267 1168 2301 deinde
1193 2265 1266 2299 und
1292 2264 1342 2298 ist
1360 2281 1403 2293 =
1425 2268 1531 2298 antea
1558 2263 1612 2297 als
1637 2263 1777 2297 Adver-

1038 2313 1139 2347 bium
1166 2312 1230 2346 der
1256 2312 1335 2345 Zeit
1360 2311 1418 2345 1101
1444 2311 1521 2345 Liv.
1548 2311 1689 2354 h'aufig3
1716 2310 1778 2345 be-

1039 2361 1188 2394 sondcrs
1221 2362 1253 2393 et
1278 2361 1361 2392 ante
1384 2378 1431 2383 —
1457 2362 1488 2392 ct
1513 2362 1607 2398 tum‚·
1639 2361 1670 2391 et
1695 2360 1778 2392 ante

1039 2427 1081 2431 —
1120 2410 1151 2440 et
1183 2406 1327 2450 pridie‚·
1370 2409 1401 2439 et
1438 2408 1513 2438 tum
1550 2424 1593 2429 —
1627 2407 1658 2438 et
1696 2406 1779 2439 ante

1036 2453 1097 2496 44,
1119 2457 1174 2492 26,
1196 2456 1226 2486 2.
1255 2452 1314 2493 ⁶25,
1338 2456 1367 2493 1,
1389 2456 1420 2485 4.
1447 2451 1506 2494 27,
1529 2455 1583 2493 19,
1603 2455 1634 2485 3.

1085 2501 1229 2543 arcrtit]
1266 2498 1414 2533 absolut
1527 2497 1663 2544 „warf‘
1689 2496 1777 2531 oder

1037 2547 1228 2591 „schlug“.
1273 2546 1332 2589 22,
1355 2551 1409 2589 15,
1430 2549 1450 2580 8
1483 2556 1563 2579 cum
1595 2544 1777 2578 avertisset

1037 2596 1150 2629 hostes
1175 2606 1209 2628 u.
1237 2604 1268 2627 a.

1088 2646 1141 2677 12.
1180 2652 1259 2675 cum
1273 2639 1439 2675 undecim
1457 2638 1629 2682 tribunis]
1653 2637 1700 2670 da
1717 2636 1777 2671 bei

1033 2689 1139 2731 jeder
1177 2687 1317 2732 Legion
1352 2690 1389 2728 6,
1433 2685 1510 2720 3100
1549 2684 1599 2718 1111
1637 2693 1778 2729 ganzen

1036 2735 1154 2770 Heere
1195 2738 1236 2768 12
1277 2713 1461 2767 Tribu’nen
1500 2741 1638 2773 waren,
1682 2729 1773 2763 wird

1038 2783 1102 2817 der
1121 2781 1284 2824 Umfang
1303 2780 1367 2814 (101
1386 2778 1606 2822 Niedcrlage
1626 2776 1774 2811 hieraus

1037 2840 1095 2863 3111
1122 2829 1250 2863 besten
1277 2826 1369 2860 klar.

1086 2879 1139 2910 14.
1167 2875 1229 2919 qui
1243 2894 1285 2899 —
1300 2873 1472 2918 comperti
1483 2871 1584 2917 sunt]
1599 2870 1780 2915 comperio
