1926 3219
171 120 197 139 t.
217 113 270 138 Ch.
289 114 349 138 209.

671 98 813 133 LIBER
839 98 986 134 XXVII.
1038 98 1137 133 CAP.
1167 103 1219 132 11.
1666 99 1719 140 21

171 221 272 249 nam
317 220 417 248 sexu
462 205 692 258 infantem,
739 220 844 260 quos
887 205 1159 261 androgynos
1204 206 1373 261 volgus,
1417 209 1464 247 ut
1511 207 1724 262 pleraque,
1752 215 1771 245 5

170 265 362 307 faciliore
402 263 455 305 ad
494 264 755 318 duplicanda
792 264 924 305 verba
964 263 1126 306 Graeco
1173 278 1385 318 sermone,
1429 265 1641 319 appellat,
1686 269 1728 307 et

170 325 279 366 lacte
322 323 534 377 pluvisse,
579 327 620 364 et
657 338 751 365 cum
790 322 1006 376 elephanti
1045 323 1182 377 capite
1225 337 1403 377 puerum
1443 327 1602 364 natum.

170 382 373 437 prodigia
394 381 546 422 hostiis
568 382 803 423 maioribus
826 384 1064 435 procurata,
1092 386 1133 422 et
1162 382 1419 436 supplicatio
1447 382 1557 423 circa
1584 383 1729 423 omnia

169 440 414 495 pulvinaria
453 444 495 481 et
533 441 772 482 obsecratio
805 440 848 480 in
887 453 1017 479 unum
1060 439 1170 479 diem
1210 440 1387 493 indicta,
1427 443 1468 481 et
1501 440 1728 494 decretum,

169 501 217 540 ut
254 499 299 540 C.
338 497 550 540 Hostilius
586 501 758 552 praetor
796 497 918 537 ludos
957 497 1166 550 Apollini,
1212 498 1323 539 sicut
1364 499 1422 550 ¹iis
1469 499 1592 540 annis
1640 500 1728 540 voti

171 557 358 611 factique
391 560 531 610 erant,
563 558 736 598 voveret
767 554 1024 608 faceretque.

286 615 368 656 Per
406 630 476 656 eos
521 614 608 656 dies
654 616 695 654 et
738 612 983 654 censoribus
1029 612 1221 653 creandis
1267 612 1314 661 Q.
1353 613 1529 655 Fulvius
1575 615 1726 656 consul
1755 618 1772 647 7

170 675 344 716 comitia
376 673 537 714 habuit.

169 733 357 784 fuerant,
395 730 452 771 M.
484 728 707 771 Cornelius
741 727 955 784 Cethegus
994 728 1039 770 P.
1073 728 1346 783 Sempronius
1379 730 1630 773 Tuditanus,

599 671 730 712 creati
769 684 983 721 censores,
1023 671 1150 712 ambo
1190 672 1260 726 qui
1301 672 1491 713 nondum
1533 673 1726 715 consules

1693 732 1772 773 ii8

171 803 366 832 censores
398 792 446 829 ut
477 802 628 843 agrum
661 787 929 842 Campanum
961 787 1189 829 fruendum
1221 789 1431 842 locarent,
1464 804 1513 830 ex
1546 791 1727 832 auctori-

167 851 256 889 tate
294 849 464 901 patrum
502 847 638 888 latum
677 847 728 888 ad
767 847 935 901 plebem
968 850 1051 901 est,
1091 847 1322 902 plebesque
1356 848 1490 888 scivit.

1553 852 1727 891 senatus
1755 854 1774 881 ¹³

168 906 396 948 lectionem
429 906 647 947 contentio
680 906 793 946 inter
826 919 1024 947 censores
1059 906 1108 947 de
1140 906 1333 960 principe
1365 906 1546 961 legendo
1579 909 1727 949 tenuit.

171 963 398 1018 Semproni
436 964 563 1006 lectio
604 967 715 1017 erat3
761 967 948 1006 ceterum
988 964 1211 1006 Cornelius
1249 979 1410 1006 morem
1456 965 1663 1007 traditum
1705 981 1729 1008 a

167 1023 362 1078 patribus
396 1023 657 1077 sequendum
690 1023 849 1076 aiebat,
881 1025 930 1063 ut
967 1023 1039 1076 qui
1072 1023 1237 1077 primus
1271 1037 1420 1065 censor
1458 1039 1507 1065 ex
1545 1024 1620 1078 iis,
1657 1025 1730 1079 qui
1758 1026 1800 1057 10

169 1081 382 1135 viverent,
413 1081 584 1135 fuisset,
617 1096 712 1123 eum
744 1082 981 1135 principem
1013 1082 1223 1136 legerent:
1261 1082 1298 1123 is
1331 1082 1377 1123 Τ.
1408 1080 1595 1123 Manlius
1628 1082 1729 1125 Tor·
1758 1085 1798 1115 11

170 1142 324 1195 quatus
365 1143 472 1194 erat,
515 1139 810 1196 Sempronius,
849 1141 916 1182 cui
955 1140 996 1181 di
1029 1143 1188 1182 sortem
1219 1140 1390 1195 legendi
1423 1140 1653 1192 dedissent,
1693 1142 1731 1183 ei

171 1200 237 1240 ius
270 1199 451 1240 liberum
484 1199 656 1240 eosdem
689 1199 854 1240 dedisse
887 1198 1005 1252 deos,
1044 1213 1088 1240 se
1120 1199 1164 1240 id
1196 1214 1271 1241 suo
1305 1199 1484 1240 arbitrio
1515 1199 1728 1241 facturum

169 1257 464 1312 lecturumque
504 1257 551 1306 Q.
582 1257 762 1299 Fabium
794 1257 1050 1312 Maximum,
1090 1272 1215 1312 qnem
1253 1261 1344 1299 tum
1376 1258 1613 1312 principem
1644 1259 1728 1300 Ro-

167 1330 320 1358 manae
353 1316 540 1357 civitatis
573 1330 664 1357 esse
696 1316 764 1356 vel
790 1315 1034 1357 Hannibale
1066 1317 1201 1358 iudice
1233 1317 1422 1358 victurus
1458 1320 1581 1358 esset.
1632 1331 1729 1358 cum
1758 1321 1799 1352 12

169 1375 241 1415 diu
279 1377 488 1416 certatum
526 1375 667 1415 verbis
708 1377 839 1428 esset,
880 1374 1136 1416 concedente
1177 1375 1356 1430 conlega
1386 1375 1522 1416 lectus
1556 1390 1579 1416 a
1612 1374 1728 1416 Sem-

168 1433 322 1487 pronio
361 1433 558 1487 princeps
598 1433 644 1474 in
684 1435 835 1474 senatu
875 1432 922 1482 Q.
953 1431 1114 1474 Fabius
1152 1433 1365 1475 Maximus
1408 1434 1571 1475 consul.

1633 1435 1729 1476 inde

169 1491 277 1532 alius
316 1491 452 1532 lectus
492 1493 666 1532 senatus
705 1494 801 1533 octo
840 1491 1105 1546 praeteritis,
1142 1492 1256 1534 inter
1289 1507 1394 1547 quos
1426 1491 1482 1533 M.
1516 1491 1728 1534 Caecilius

166 1548 365 1591 Metellus
393 1552 498 1604 erat,
522 1550 695 1591 infamis
721 1553 869 1592 auctor
889 1550 1144 1592 deserendae
1165 1551 1316 1592 Italiae
1336 1553 1436 1605 post
1457 1550 1727 1593 Cannensem

215 1681 245 1712 5.
271 1687 359 1722 quos
402 1677 649 1723 androyynos]
712 1677 771 1711 die
815 1677 911 1722 grie-

169 1724 318 1759 chische
327 1724 592 1769 Wortbildung
599 1724 827 1759 umschreibt
837 1725 909 1759 Liv.

167 1782 196 1807 c,
213 1774 268 1813 37,
281 1775 301 1805 5
327 1771 397 1805 mit
421 1772 580 1806 incertus
598 1781 675 1805 mas
695 1782 745 1805 an
763 1772 911 1813 femina,

167 1819 292 1862 spater
334 1817 452 1852 bildet
502 1829 540 1852 er
588 1817 694 1852 daffir
735 1819 910 1853 sentimas.

166 1864 227 1908 31,
250 1868 304 1907 12,
325 1867 356 1899 8.
383 1864 444 1905 39.
464 1867 520 1908 22,
541 1868 574 1899 5.

214 1914 256 1946 ut
258 1911 448 1956 pleraque]
463 1923 536 1956 erg.
547 1912 717 1955 appellat.
739 1911 812 1946 Der
819 1912 910 1947 hau·

165 1958 238 2003 fige
264 1957 459 1992 Gebrauch
485 1958 735 2002 griechischer
760 1959 910 1993 Fremd-

166 2007 301 2040 worter
313 2005 352 2039 in
369 2005 554 2050 taglicher
569 2005 670 2039 Rede
684 2004 777 2039 wird
795 2006 913 2041 damit

166 2051 334 2096 bezeugt.

214 2103 244 2133 6.
271 2098 483 2144 obsecratio]
517 2115 561 2127 =
590 2100 809 2144 supplicatio
840 2100 909 2134 wie

165 2144 225 2188 26,
246 2149 302 2187 23,
324 2150 354 2180 6.
381 2146 577 2180 obsecratio
601 2146 642 2180 in
667 2158 781 2181 unum
805 2147 908 2181 diem.

215 2193 319 2227 ludos
342 2192 527 2237 Apollini]
565 2203 602 2227 es
635 2192 718 2227 sind
749 2193 807 2228 die
841 2197 908 2228 212

166 2238 419 2284 eingesetzten
450 2240 530 2274 ludi
554 2240 798 2284 Apollinares.
849 2240 909 2284 26,

164 2288 220 2329 23,
240 2289 272 2321 3.

172 2370 191 2377 ..
213 2337 349 2368 voveret
385 2333 601 2379 faceretque]
642 2345 682 2369 so
723 2335 814 2368 stets
850 2333 912 2369 bei

165 2378 399 2414 Ubernahme
449 2391 522 2415 von
566 2380 759 2416 Geltibden
801 2393 835 2417 u,
878 2392 909 2415 a.

167 2435 196 2459 c.
223 2429 280 2468 23,
302 2429 331 2459 7.
357 2427 453 2461 vovit
477 2427 638 2471 fecitque.

214 2475 245 2506 9.
285 2471 475 2516 Semproni
515 2475 616 2508 lectio
665 2475 758 2520 erat]
809 2477 912 2509 sonst

164 2518 312 2554 wahlen
331 2519 438 2554 beide
453 2519 635 2555 Censoren
655 2521 727 2556 den
738 2523 911 2565 princeps

165 2564 412 2609 gemeinsam,
446 2567 585 2602 verlost
618 2568 711 2601 wird
746 2580 816 2602 nur
850 2567 910 2603 die

167 2610 380 2647 Ceremom'e
407 2612 471 2647 des
497 2614 649 2649 lustrum
676 2615 834 2649 condere.

215 2661 270 2691 10.
307 2660 370 2702 qui
388 2661 533 2704 primas
558 2671 681 2696 censor
701 2681 744 2686 -—-
763 2661 906 2707 sitisset]

162 2703 202 2738 in
222 2704 414 2740 'ahnlicher
431 2707 557 2742 Weise
584 2707 676 2742 wird
702 2707 761 2750 23,
782 2712 839 2751 22,
863 2712 907 2743 10

162 2751 228 2786 der
277 2750 411 2786 'alteste
458 2753 615 2789 lebende
661 2754 795 2790 Censor
844 2754 906 2789 bei

165 2797 230 2833 der
266 2797 380 2832 Wahl
421 2810 503 2833 zum
539 2801 714 2837 Diktator
753 2801 907 2837 bersick-

165 2844 328 2890 sichtigt.

1034 1681 1088 1712 11.
1120 1682 1247 1712 sortem
1282 1679 1436 1724 leyencli]
1464 1678 1529 1712 das
1555 1678 1730 1713 Resultat

985 1723 1050 1758 der
1071 1724 1279 1769 Verlosung
1300 1725 1484 1760 erscheint
1507 1725 1561 1759 als
1584 1725 1729 1760 Gotter-

983 1770 1093 1806 wille.
1114 1771 1174 1813 44,
1196 1775 1251 1814 22,
1273 1777 1292 1807 3
1325 1773 1407 1807 cleos
1431 1792 1471 1796 —
1491 1772 1577 1807 haic
1597 1773 1731 1815 favisse

983 1819 1074 1853 sorti
1098 1829 1210 1862 spero.

1030 1865 1244 1900 Hannibale
1270 1866 1389 1900 indice
1417 1866 1593 1910 victurus]
1624 1876 1731 1900 wenn

984 1912 1074 1946 fiber
1105 1912 1205 1947 diese
1237 1912 1356 1957 Frage
1390 1912 1450 1946 ein
1483 1912 1731 1947 Rechtsstreit

985 1959 1192 2002 entstande‚
1219 1970 1258 1994 so
1285 1959 1410 1993 wfirde
1437 1970 1476 1993 er
1498 1959 1614 1993 selbst
1631 1959 1729 1994 nach

985 2005 1069 2039 dem
1078 2005 1196 2040 Urteil
1207 2006 1270 2040 des
1278 2005 1465 2040 Hannibal
1476 2005 1728 2050 ,‚gewinnen“.

1033 2056 1087 2087 12.
1127 2054 1334 2088 concedente
1359 2053 1519 2097 conleya]
1552 2053 1730 2097 gewohn-

985 2099 1102 2133 licher
1145 2102 1228 2144 sagt
1270 2100 1348 2134 Liv.
1388 2100 1573 2134 concedere
1617 2101 1731 2134 alieni

983 2147 1125 2190 aliquid
1165 2148 1254 2182 oder
1296 2147 1482 2181 concedere
1524 2147 1567 2181 cle
1603 2147 1730 2191 aliqua

981 2204 1036 2235 re,
1059 2193 1196 2239 jedoch
1218 2193 1278 2236 30,
1299 2197 1355 2236 40,
1378 2197 1398 2228 8
1419 2194 1627 2229 eoncedente
1646 2204 1730 2229 con-

983 2241 1070 2284 leqa.

1031 2291 1107 2322 octo
1154 2287 1377 2333 praeteritis]
1431 2286 1558 2321 merke
1601 2291 1729 2322 senata

986 2345 1134 2379 movere,
1161 2336 1269 2369 eicere
1295 2351 1339 2363 =
1365 2333 1613 2378 Ausstossung
1638 2335 1727 2369 bis-

985 2381 1178 2426 heriger
1210 2380 1429 2423 Senatooen,
1456 2383 1657 2426 praeterire
1683 2399 1727 2410 =

984 2427 1728 2472 Aufnahmeverweigerung(kurulischer

984 2475 1162 2510 Beamten
1184 2487 1218 2509 u.
1240 2477 1304 2519 a.);
1332 2475 1429 2510 doch
1454 2475 1628 2510 letzteres
1654 2475 1727 2510 bis-

983 2523 1116 2557 weilen
1142 2522 1238 2557 auch
1264 2522 1303 2556 in
1327 2521 1516 2556 weiterem
1543 2521 1654 2556 Sinne
1681 2539 1725 2551 =

982 2579 1118 2604 movere
1142 2569 1202 2613 34,
1223 2572 1280 2611 44,
1301 2572 1334 2604 4.
1361 2568 1421 2611 38,
1442 2571 1497 2611 28,
1520 2572 1551 2603 2.

1030 2616 1124 2651 inter
1154 2615 1256 2661 quos]
1291 2617 1382 2650 stati:
1406 2616 1447 2649 in
1472 2616 1612 2659 quibus.
1653 2617 1726 2660 vgl.

982 2661 1015 2706 6,
1031 2666 1087 2703 20,
1104 2667 1124 2697 8
1144 2664 1239 2697 inter
1258 2673 1346 2707 quos
1367 2661 1403 2697 C.
1420 2661 1614 2696 Servilium
1633 2674 1667 2696 u.
1693 2667 1725 2697 ὃ.

1028 2710 1240 2744 deserendae
1266 2708 1419 2754 Italiae]
1453 2708 1518 2743 der
1543 2709 1652 2743 Plan:
1686 2713 1728 2744 ut

981 2756 1118 2790 deserta
1162 2756 1277 2790 Italia
1322 2756 1372 2790 ad
1416 2766 1528 2800 regem
1572 2756 1726 2800 aliquem

980 2803 1250 2849 transfugiant,
1284 2802 1409 2837 wurde
1441 2802 1557 2837 durch
1584 2802 1724 2848 Scipios

979 2849 1240 2885 Einschreiten
1265 2849 1448 2884 vereitelt.
1476 2849 1536 2895 22,
1556 2854 1611 2884 53.

1678 331 1773 365 eass
