1926 3219
161 136 192 154 a.
214 127 266 154 Ch.
286 128 348 153 209.

685 111 827 147 LIBER
852 111 998 147 XXVII.
1049 112 1152 147 CAP.
1180 116 1211 148 9.
1669 116 1723 156 17

168 221 291 264 0111115
330 220 462 262 ferme
495 219 612 260 clade
645 233 804 274 magna
835 233 1046 274 pugnare3
1085 220 1193 261 alios
1226 221 1272 261 in
1305 221 1394 262 acie
1427 222 1572 276 occidi,
1612 224 1720 265 alios
1747 233 1767 263 3

166 280 318 321 morbo
352 278 535 331 absumi,
567 279 706 332 macris
739 278 875 331 perire
909 278 988 319 sibi
1019 278 1164 332 civem,
1196 280 1267 332 qui
1295 279 1348 320 ab
1374 279 1570 322 Romano
1597 282 1720 323 miles

168 339 303 380 lectus
337 337 405 390 sit,
438 351 564 390 quam
598 338 667 391 qui
701 337 754 377 ab
780 336 923 377 Poeno
957 340 1124 390 captus.
1158 338 1315 391 quippe
1349 338 1402 379 ab
1432 338 1557 380 hoste
1584 341 1719 394 gratis

168 395 330 437 remitti
357 395 401 435 in
428 395 626 449 patriam,
654 395 706 436 ab
734 395 940 435 Romanis
967 397 1087 436 extra
1112 395 1284 436 Italiam
1311 397 1355 437 in
1382 397 1554 438 exilium
1581 399 1721 439 verius

166 468 294 508 quam
338 454 383 494 in
428 453 626 494 militiam
671 453 875 507 ablegaii.

950 455 1147 493 octavum
1187 454 1273 494 iam
1313 454 1372 494 ibi
1411 470 1568 497 annum
1607 471 1722 498 sene·
1748 466 1769 496 4

167 526 284 554 50010
312 510 579 553 Cannensem
606 511 800 563 militem,
832 510 1087 550 moriturum
1114 514 1224 562 ante,
1257 526 1386 564 quam
1412 512 1541 555 Italia
1572 514 1723 569 hostis,

168 570 325 625 quippe
357 585 470 611 nunc
502 584 597 610 cum
630 569 812 609 maxime
845 567 1000 607 florens
1034 568 1209 622 viribus,
1243 570 1428 611 excedat.

1490 572 1526 612 si
1558 576 1722 615 veteres

165 629 323 670 milites
356 643 442 670 non
472 628 647 668 redeant
678 627 722 666 in
753 626 950 678 patriam,
981 626 1082 666 novi
1113 626 1326 681 legantur,
1357 629 1478 670 brevi
1509 631 1723 673 neminem
1750 641 1769 670 5

171 688 499 752 superimuturum

563 684 724 738 itaque,
763 683 874 737 quod
906 684 1154 737 propediem
1188 699 1255 726 res
1288 686 1381 739 ipsa
1413 691 1623 743 negatura
1656 690 1723 744 sit,

166 746 415 799 priusquam
443 743 495 783 ad
520 742 717 783 ultimam
744 741 1020 783 solitudinem
1048 745 1174 797 atque
1202 748 1438 810 egestatem
1458 748 1723 802 perveniant,

165 802 406 857 negandum
439 800 598 854 populo
625 800 821 842 Romano
855 814 959 841 esse.

1011 801 1045 842 si
1072 802 1378 844 consentientis
1405 804 1448 844 111
1475 805 1555 846 1100
1583 807 1721 848 500105
1749 817 1769 847 6

165 861 342 902 videant
372 859 568 912 Romani,
599 859 791 913 profecto
825 859 874 899 de
906 873 1010 912 pace
1042 874 1138 901 cum
1171 860 1601 916 Carthaginiensibus
1635 866 1723 907 iun-

165 918 305 974 genda
336 917 620 972 cogitatur053
657 918 783 958 aliter
814 932 1047 983 numquam
1079 919 1176 960 vivo
1210 919 1454 961 Hannibale
1488 922 1578 963 sine
1611 923 1722 965 bello

163 977 336 1018 Italiam
373 976 477 1017 fore.

544 975 649 1017 11000
689 979 785 1017 00130
822 977 866 1016 111
904 976 1108 1017 conciliis.

1177 978 1360 1032 triginta
1397 982 1490 1021 tum
1529 981 1721 1023 coloniae

163 1035 311 1090 populi
337 1034 522 1076 Romani
549 1036 689 1088 erant3
724 1050 774 1076 ex
800 1035 854 1076 iis
881 1034 1116 1088 duodecim,
1142 1050 1238 1076 cum
1265 1037 1456 1078 omnium
1482 1039 1722 1094 legationes

163 1094 327 1135 Romae
361 1095 515 1146 essent,
545 1097 812 1147 negaverunt
844 1093 1090 1135 consulibus
1124 1108 1234 1148 esse,
1266 1095 1378 1136 unde
1410 1097 1567 1138 milites

628 1166 702 1193 eae
733 1152 851 1193 fuere
883 1152 1026 1193 Ardea
1056 1152 1222 1206 Nepete
1257 1151 1448 1196 Sutrium
1480 1155 1593 1198 Alba
1625 1156 1723 1199 Car-

164 1151 363 1206 niamque
404 1151 565 1193 darent.

1600 1114 1723 1152 pecu-

164 1211 270 1252 seoli
303 1208 415 1251 Cora
448 1209 603 1251 Suessa
634 1208 780 1252 Cei-cei
814 1209 929 1252 Setia
961 1209 1086 1252 Cales
1111 1210 1277 1253 Narnia
1302 1212 1561 1256 Interamna.
1610 1230 1724 1258 nova
1749 1225 1769 1256 8

163 1283 207 1310 re
241 1269 437 1310 consules
469 1269 541 1310 icti
576 1282 672 1309 cum
705 1269 943 1310 absterrere
977 1283 1048 1310 eos
1082 1284 1107 1310 0
1139 1273 1229 1310 tam
1262 1271 1503 1314 detestabili
1544 1275 1724 1317 consilio

163 1327 343 1381 vellent,

388 1326 638 1381 castigando
675 1327 1018 1382 increpandoque
1056 1329 1152 1381 plus
1192 1344 1319 1382 quam
1357 1330 1513 1372 leniter
1558 1334 1724 1388 agendo

164 1385 432 1440 profecturos
458 1385 554 1438 rati,
581 1399 654 1426 eos
681 1399 808 1427 ausos
836 1400 927 1427 esse
955 1387 1202 1428 consulibus
1229 1387 1366 1429 dicere
1394 1389 1580 1445 aiebant,
1584 1368 1725 1446 C'quod
1751 1402 1770 1433 9

205 1550 238 1581 3.
263 1547 379 1591 maqis
416 1546 539 1590 perire
569 1546 655 1592 sibi]
692 1547 764 1581 sibi
795 1547 908 1582 Dativ

163 1592 227 1627 des
253 1593 467 1635 Interesses;
503 1604 566 1637 „er
591 1594 644 1628 sei
668 1593 727 1628 ffir
759 1594 811 1628 sie
840 1595 909 1628 mit

160 1639 347 1684 grosserer
373 1620 590 1675 Gewisslieit
614 1640 819 1676 verloren“.

211 1699 257 1733 ab
277 1698 444 1733 Romano
459 1719 501 1723 -—
517 1699 562 1733 ab
579 1698 716 1744 Poeno]
745 1699 803 1733 die
831 1699 908 1733 Sin-

163 1744 310 1790 gularia
347 1745 412 1780 der
442 1745 718 1780 Vo'lkernamen
750 1758 812 1779 zur
843 1746 909 1780 Be-

162 1792 370 1836 zeichnung
409 1794 441 1836 1)
481 1792 544 1826 des
581 1803 722 1837 ganzen
757 1792 908 1836 Volkes,

165 1839 201 1882 2)
229 1838 292 1872 (105
318 1839 455 1873 Heeres
481 1838 582 1873 eines
606 1839 756 1883 Volkes,
782 1841 817 1882 3)
844 1839 908 1874 des

163 1884 366 1919 Feldherrn
381 1885 436 1919 als
447 1885 635 1919 Vertreter
649 1886 749 1920 eines
757 1886 906 1929 Volkes,

165 1931 249 1965 sind
262 1932 488 1966 namentlich
504 1932 542 1966 in
556 1932 620 1966 der
630 1936 659 1966 1.
670 1945 703 1966 u.
714 1937 745 1967 3.
755 1932 907 1967 Dekade

163 1978 301 2022 haufig.
329 1978 441 2013 Meist
452 1979 599 2013 werden
620 1979 738 2013 damit
757 1979 907 2025 grosse

165 2025 392 2060 Nationen
436 2026 537 2069 (oder
579 2025 660 2060 ihre
703 2026 907 2071 Vertreter)

164 2071 393 2107 bezeichnet.
443 2072 520 2106 Auf
553 2072 783 2117 griechische
819 2073 908 2108 Ver-

165 2118 342 2153 haltnisse
369 2119 460 2153 wird
493 2119 556 2154 der
583 2119 776 2155 Gebrauch
805 2121 908 2155 nicht

162 2164 410 2209 ausgedehnt.

210 2224 253 2258 in
287 2225 436 2259 eoeilium
474 2224 610 2269 veo-ius]
651 2226 771 2260 verius
815 2227 908 2260 setzt

166 2269 273 2304 einen
308 2271 494 2315 richtigen
529 2271 724 2306 Ausdruck
762 2283 809 2306 an
847 2273 906 2307 die

167 2315 281 2351 Stelle
313 2318 413 2352 eines
438 2318 605 2353 falschen
631 2335 675 2347 =
705 2318 906 2363 eigentlich

165 2361 352 2408 richtiger,
376 2365 491 2399 mehr.
519 2364 553 2408 1,
574 2369 629 2409 56,
647 2370 679 2400 9.
706 2367 907 2401 ludibrium

166 2410 298 2451 verius,
323 2422 430 2454 quam
456 2422 576 2446 comes.

212 2468 291 2502 able
291 2469 389 2514 φατέ]
416 2469 607 2504 Ausdruck
638 2470 703 2505 der
730 2471 906 2506 Militare:

166 2479 528 2552 abkomymandieren.
573 2516 639 2559 22,
666 2521 721 2560 25,
748 2522 779 2552 5.
813 2520 907 2561 (con-

166 2561 291 2605 sulem)
318 2563 450 2606 procul
481 2564 526 2597 ab
552 2563 668 2598 Italia
693 2565 906 2609 ableyatum.

215 2621 247 2651 4.
273 2630 458 2655 nunccum
471 2621 641 2666 maxime]
660 2632 739 2656 cum
754 2624 908 2658 maaeime

167 2664 389 2701 entstanden
414 2679 478 2702 aus
502 2671 544 2702 ut
563 2679 642 2703 cum
661 2679 907 2713 0100311110,οτ-

169 2710 314 2744 scheint
339 2713 453 2748 sehon
482 2714 543 2749 bei
570 2715 642 2750 Cic
676 2716 771 2749 ohne
797 2719 907 2750 ut=

168 2767 260 2800 ganz
279 2757 708 2805 110501111015ς29,17,20
728 2764 907 2797 omnia—-

163 2805 269 2847 passi
299 2815 422 2839 sumus
457 2809 488 2839 et
518 2818 597 2843 cum
627 2810 782 2844 marcione
811 2811 906 2854 pati-

165 2859 258 2885 mm.

239 2914 297 2941 Tit.
317 2916 382 2942 Liv.
405 2916 440 2941 B.
461 2918 502 2942 27.

1030 1552 1061 1584 6.
1089 1550 1341 1585 consentientis
1377 1551 1418 1585 in
1454 1552 1532 1596 hoc]
1574 1553 1616 1587 in
1651 1564 1725 1588 rem

981 1597 1179 1630 consentire
1197 1597 1246 1630 ist
1258 1597 1364 1632 nicht
1379 1598 1506 1643 selten,
1533 1599 1593 1642 26,
1609 1604 1664 1642 36,
1682 1604 1724 1635 10

980 1643 1022 1676 in
1046 1643 1132 1677 haec
1161 1663 1204 1668 -
1230 1654 1440 1679 consensum
1465 1649 1524 1681 est.
1558 1646 1598 1689 2,
1620 1650 1682 1691 32,
1703 1651 1723 1682 9

980 1689 1022 1723 in
1064 1701 1178 1724 unum
1221 1692 1490 1726 consentientia.
1544 1693 1724 1738 Dagegen

982 1739 1001 1777 ἓ
1029 1739 1083 1770 14.
1111 1738 1326 1772 consensisse
1352 1759 1395 1763 —
1422 1738 1482 1774 ad.

1028 1784 1150 1828 aliter]
1190 1801 1234 1812 =
1277 1786 1374 1828 quod
1410 1787 1485 1820 nisi
1524 1787 1579 1821 ita
1615 1788 1725 1830 ᾖεν-,01

982 1829 1118 1864 01101150
1179 1831 1356 1875 alioquin,
1413 1833 1464 1867 ist
1517 1833 1725 1869 livianisch

981 1875 1042 1920 30,
1065 1881 1122 1920 37,
1146 1881 1178 1912 6.
1217 1879 1322 1912 aliter
1359 1890 1422 1913 nec
1458 1880 1625 1915 indutias
1661 1891 1728 1916 ‘nec

979 1933 1075 1966 spem
1095 1925 1202 1967 pacis
1226 1925 1339 1959 ullam
1364 1936 1445 1961 esse.

1029 1974 1060 2005 7.
1087 1971 1248 2005 coloniae
1260 1973 1394 2016 populi
1408 1973 1473 2018 R]
1495 1973 1560 2008 der
1574 1973 1724 2009 Genitiv

980 2016 1197 2051 bezeichnet
1222 2018 1280 2053 die
1306 2019 1488 2054 Kolonien
1521 2021 1575 2055 als
1601 2021 1722 2056 Besitz

979 2063 1044 2097 des
1070 2063 1226 2108 Volkes;
1254 2065 1333 2100 ihre
1364 2066 1568 2102 Bewohner
1600 2079 1725 2103 waren

979 2109 1141 2145 Latiner.

1026 2158 1187 2192 omnium
1212 2159 1420 2204 quationes]
1452 2161 1617 2206 gemeint
1643 2162 1725 2196 sind

980 2203 1040 2238 die
1071 2205 1308 2250 mwistratus
1338 2207 1413 2242 und
1439 2209 1628 2252 principes
1659 2209 1724 2243 der

979 2250 1174 2296 Kolouien,
1194 2253 1253 2288 die
1273 2254 1386 2288 o'fters
1406 2267 1470 2288 zur
1482 2254 1723 2300 Festsetzung

979 2297 1043 2332 der
1050 2298 1382 2344 Kontingentziffer
1390 2302 1485 2336 nach
1495 2302 1588 2336 Rom
1600 2302 1724 2337 citiert

979 2345 1135 2379 werden.

1026 2394 1058 2426 8.
1084 2403 1179 2427 nova
1197 2395 1411 2438 re—ictiJ,
1416 2406 1499 2437 ,von
1527 2395 1592 2429 der
1610 2386 1724 2430 Uber-

978 2438 1163 2484 raschung
1198 2440 1414 2483 getroffen“.
1468 2442 1536 2476 Die
1574 2443 1722 2487 haufige

979 2496 1051 2519 von
1071 2485 1330 2529 kerperlichen
1344 2487 1624 2523 Verhaltnissen
1644 2491 1724 2523 ent-

979 2531 1105 2566 lehnte
1117 2532 1312 2577 Metapher
1325 2535 1375 2568 ist
1386 2535 1519 2570 beiden
1533 2536 1601 2579 Spr
1604 2536 1723 2570 achen

979 2578 1217 2622 gemeinsam.
1262 2591 1292 2615 0.
1331 2585 1467 2625 51,12
1499 2583 1592 2616 ictus
1623 2583 1723 2617 luctu

980 2636 1013 2658 u.
1042 2636 1073 2658 a.

1027 2673 1240 2716 castiyando
1294 2675 1597 2720 increpandoque]
1662 2675 1721 2718 10,

981 2721 1036 2759 35,
1072 2722 1111 2752 11
1139 2719 1306 2763 iurganti
1329 2722 1611 2765 increpantique.
1665 2721 1722 2755 Da

980 2745 1106 2799 beides
1131 2777 1199 2799 nur
1218 2765 1325 2800 einen
1345 2766 1460 2802 Tadel
1480 2768 1548 2802 mit
1566 2768 1722 2803 Worten

980 2809 1208 2856 bezeichnet,
1240 2824 1279 2848 50
1306 2813 1405 2848 kann
1430 2815 1558 2849 lem-tet
1583 2816 1721 2859 ayemlo

979 2857 1101 2893 nichts
1127 2859 1217 2902 sein,
1241 2860 1295 2894 015
1320 2860 1456 2897 Bitten.

1417 2922 1437 2952 2
