1926 3219
146 135 170 154 a.
193 126 244 153 Ch.
264 128 323 153 209.

602 114 746 148 mssa
773 113 918 148 xxvu.
970 112 1070 148 CAP.
1097 117 1152 147 21.
1180 116 1234 147 22.
1639 115 1693 154 41

146 221 314 276 rogatio
362 220 500 262 solum
545 220 594 261 (le
639 221 816 274 imperio
855 221 942 261 eius
981 220 1229 274 abrogando
1269 219 1582 274 antiquaretur,
1627 219 1700 261 sed

146 282 318 334 postero
357 278 422 320 die
461 279 676 320 consulem
717 293 812 320 eum
851 279 1015 333 ingenti
1055 293 1262 320 consensu
1300 278 1514 320 centuriae
1553 292 1698 319 omnes

147 339 348 379 crearent.
388 336 557 377 additur
583 337 761 391 conlega
787 336 832 377 T.
861 336 1083 385 Quinctius
1105 336 1340 390 Crispinus,
1366 337 1437 390 qui
1462 339 1552 377 tum
1580 350 1699 389 prae·
1726 344 1749 373 5

146 398 215 437 tor
264 397 366 437 erat.

437 398 608 448 postero
652 395 717 436 die
762 398 978 448 praetores
1023 396 1153 436 creati
1199 395 1241 436 Ρ.
1286 395 1474 436 Licinius
1520 392 1700 435 Crassus

146 453 291 507 Dives,
315 453 509 507 pont-ifex
535 453 755 506 maximus,
782 453 826 494 P.
852 452 1042 493 Licinius
1069 452 1222 506 Varus,
1251 452 1342 494 Sex,
1369 453 1504 494 Iulius
1531 451 1702 506 Caesar,

147 511 192 560 Q.
227 510 428 553 Claudius
461 511 651 552 Flamen.

266 568 546 611 Comitiorum
589 570 779 622 ipsorum
812 567 960 608 diebus
999 567 1183 608 sollicita
1222 568 1372 608 civitas
1413 567 1462 608 de
1500 568 1702 609 Etruriae
1728 576 1748 606 6

148 627 383 669 defectione
415 628 506 668 fuit.

567 625 819 679 principium
853 625 943 666 eius
974 625 1033 666 rei
1067 626 1120 666 ab
1152 625 1366 667 Arretinis
1404 626 1496 666 fieri
1530 624 1574 666 C.
1610 624 1702 666 Cal-

147 687 325 739 purnius
356 686 597 738 scripserat,
630 683 703 736 qui
730 697 822 723 eam
849 683 1113 736 provinciam
1139 698 1215 737 pro
1243 687 1440 737 praetore
1468 683 1702 725 obtinebat.

147 745 291 798 itaque
329 742 554 784 confestim
593 755 641 783 eo
680 742 836 782 missus
873 741 1103 783 Marcellus
1143 742 1289 783 consul
1329 742 1592 796 designatus,
1632 741 1703 795 qui
1731 749 1750 778 7

149 817 237 843 rem
269 801 516 854 inspiceret,
555 813 621 853 ac,
662 800 697 840 si
730 799 860 854 digna
890 800 1123 854 videretur,
1156 800 1341 842 exercitu
1374 800 1509 841 accito
1542 800 1703 840 bellum

149 874 198 901 ex
224 858 383 913 Apulia
415 859 460 899 in
487 857 703 899 Etruriam
730 858 994 899 transferret.

150 917 411 972 quieverunt.

1055 873 1103 900 eo
1139 861 1256 899 metu
1291 858 1508 912 conpressi
1533 857 1704 898 Etrusci

474 915 803 958 Tarentinorum
830 917 986 971 legatis
1012 931 1161 970 pacem
1187 917 1431 970 petentibus
1459 930 1552 957 cum
1579 916 1703 957 liber·
1730 924 1750 954 8

144 978 235 1017 tate
269 989 317 1016 ac
348 975 517 1029 legibus
546 975 633 1016 suis
659 989 911 1028 responsum
941 975 994 1016 ab
1022 978 1173 1016 senatu
1200 978 1277 1028 est,
1309 978 1356 1016 ut
1381 974 1581 1027 redirent,
1608 988 1704 1015 cum

149 1033 307 1075 Fabius
347 1033 494 1074 consul
526 1033 707 1074 Romam
740 1033 940 1074 venisset.
975 1057 1024 1062 —
1060 1033 1169 1074 Ludi
1202 1036 1243 1073 et
1275 1032 1460 1074 Romani
1493 1035 1535 1074 et
1565 1031 1705 1086 plebei
1731 1040 1751 1070 9

147 1106 196 1133 eo
241 1106 352 1133 anno
396 1091 441 1132 in
487 1091 678 1146 singulos
725 1091 813 1132 dies
859 1091 1099 1133 instaurati.

1174 1091 1331 1132 aediles
1379 1091 1544 1132 curules
1589 1090 1704 1131 fuere

148 1150 194 1191 L.
227 1149 449 1192 Cornelius
484 1148 699 1190 Caudinus
732 1152 774 1190 et
806 1148 893 1191 Ser.
926 1148 1138 1202 Sulpicius
1171 1149 1327 1203 Galba,
1361 1149 1500 1203 plebei
1534 1147 1578 1190 C.
1611 1147 1704 1189 Ser-

146 1208 274 1249 vilius
313 1210 355 1249 et
387 1207 436 1256 Q.
467 1206 675 1249 Caecilius
707 1207 917 1249 Metellus.

980 1206 1204 1249 Servilium
1242 1208 1460 1262 negabant
1497 1207 1587 1248 iure
1628 1209 1701 1247 aut
1729 1215 1775 1246 10

147 1266 366 1307 tribunum
410 1266 547 1319 plebis
588 1266 720 1306 fuisse
759 1268 832 1306 aut
871 1265 1051 1307 aedilem
1091 1281 1200 1318 esse,
1245 1266 1358 1320 quod
1396 1268 1563 1319 patrem
1602 1265 1707 1318 eius,

150 1339 275 1378 quem
319 1324 589 1365 triumvirum
632 1325 850 1378 agrarium
898 1325 1083 1366 occisum
1125 1340 1148 1365 a
1186 1323 1304 1365 Boiis
1344 1324 1456 1365 circa
1492 1323 1706 1364 Mutinam

149 1397 241 1424 esse
281 1382 425 1437 opinio
463 1395 538 1436 per
570 1381 712 1423 decem
746 1396 881 1423 annos
913 1383 1071 1435 fuerat,
1109 1383 1250 1423 vivere
1283 1385 1410 1436 atque
1442 1382 1485 1422 in
1516 1381 1707 1423 hostium

149 1442 361 1495 potestate
394 1454 486 1481 esse
519 1440 623 1481 satis
656 1440 895 1481 constabat.

266 1498 502 1540 Undecimo
535 1512 647 1540 anno
676 1497 825 1539 Punici
856 1499 959 1539 belli
991 1499 1260 1540 consulatum
1291 1498 1478 1539 inierunt
1509 1497 1564 1538 M.
1591 1497 1703 1538 Mar·
1729 1502 1778 1538 22

149 1557 280 1598 cellus
314 1557 511 1611 quintum
539 1581 593 1586 —
620 1559 668 1598 ut
692 1559 938 1598 numeretur
963 1557 1221 1610 consulatus,
1253 1571 1378 1611 quem
1404 1557 1510 1598 vitio
1537 1558 1706 1597 creatus

146 1683 185 1718 in
221 1682 484 1728 eigentlichem
518 1682 627 1718 Sinne
663 1684 748 1718 wie:
787 1684 893 1718 obrui

147 1730 261 1772 nube‚·
286 1729 396 1764 meist
423 1730 666 1774 fibertragen:
691 1731 891 1774 sceleribus,

147 1778 291 1820 foenore
316 1793 360 1805 =
387 1776 563 1811 erdrfickt
588 1776 734 1811 werden
760 1787 842 1811 von.

198 1827 229 1857 6.
260 1823 490 1867 principium
521 1843 563 1848 ——
597 1823 692 1868 fieri]
732 1823 795 1858 der
822 1823 889 1857 Inf.

149 1871 250 1904 Pras.
289 1869 403 1911 steht,
441 1870 526 1904 weil
563 1870 628 1904 der
657 1869 807 1914 Anfang
838 1870 890 1904 im

149 1916 311 1951 Werden
332 1916 406 1950 und
427 1917 524 1951 noch
544 1916 631 1951 kein
648 1917 891 1962 eigentlicher

152 1963 336 1998 Aufstand
361 1963 409 1998 da
433 1963 493 1998 ist.

200 2013 230 2043 7.
257 2011 320 2054 qui
349 2021 422 2045 rem
452 2010 659 2055 inspiceret]
695 2009 813 2044 neben
846 2010 895 2044 ad

150 2067 205 2091 res
227 2056 475 2100 inspiciendas
500 2056 756 2101 gewohnliche
781 2057 892 2091 Wen-

151 2103 253 2148 dung
270 2103 330 2137 fiir
349 2103 574 2148 Einsetzung
593 2114 664 2138 von
684 2102 893 2138 Revisions-

149 2149 458 2193 kommissionen3
502 2150 624 2184 ferner
667 2149 732 2192 29,
775 2154 834 2193 12,
872 2153 891 2184 5

151 2197 200 2231 ad
224 2197 391 2231 visendas
427 2207 498 2240 res,
531 2195 596 2241 42,
623 2200 661 2240 5,
689 2200 720 2231 8.
759 2197 807 2231 ad
838 2207 893 2231 res

151 2243 414 2288 adspiciendas.

199 2290 327 2335 diyna]
382 2300 456 2334 erg.
507 2290 665 2324 exercitu
714 2290 893 2324 acciendo.

151 2335 227 2369 Das
259 2336 435 2381 Adjektiv
466 2336 599 2371 relativ
635 2337 768 2380 diynus
799 2336 894 2371 ohne

154 2380 293 2426 Objekt
329 2383 394 2417 hat
430 2384 533 2417 sonst
573 2383 638 2417 das
679 2382 894 2417 Substantiv

152 2438 265 2463 causa
289 2428 350 2463 bei
376 2429 469 2464 sich:
501 2429 562 2471 21,
590 2433 621 2472 6,
648 2433 680 2464 4.
707 2430 837 2474 quibus
861 2430 895 2464 si

151 2475 332 2509 videretur
357 2475 471 2519 diyna
495 2486 616 2510 causa.

200 2525 232 2556 8.
259 2532 338 2557 eum
370 2522 531 2556 libertate
563 2532 606 2556 ac
637 2523 771 2566 leyibus
801 2523 894 2567 suis]

153 2568 260 2602 unter
273 2567 448 2602 Garantie
472 2567 570 2602 ihrer
583 2568 804 2612 politischen
821 2570 896 2603 und

155 2613 291 2648 civilen
302 2615 540 2655 Autonomie;
558 2614 813 2658 gewohnliche
829 2616 895 2649 Be-

155 2659 357 2705 stimmung
405 2661 465 2696 bei
512 2661 715 2703 foederibus
757 2663 895 2705 aequis:

154 2705 215 2750 30,
260 2710 316 2750 37,
360 2711 380 2741 2
423 2711 464 2742 ut
507 2708 612 2742 liberi
649 2708 785 2753 Ieyibus
820 2708 897 2742 suis

152 2753 320 2787 viverent.
469 2791 476 2799 ‚

200 2803 230 2833 9.
259 2800 338 2834 ludi
356 2803 387 2834 et
400 2798 560 2834 Romani
572 2801 744 2846 etplebez]
769 2812 810 2834 zu
825 2801 896 2835 Ro-

153 2846 256 2881 mani
269 2857 298 2881 c.
312 2850 343 2891 6,
360 2850 413 2881 19.
440 2845 508 2881 Die
526 2847 604 2881 ludi
614 2848 728 2892 plebei
746 2847 896 2882 wurden

963 1694 1035 1717 von
1079 1683 1149 1717 den
1192 1682 1428 1728 plebeisohen
1470 1675 1603 1716 Lidilen
1646 1682 1712 1716 auf

963 1729 1103 1765 Kosten
1130 1730 1193 1764 des
1220 1730 1366 1764 Staates
1391 1730 1568 1774 gegeben.

1010 1778 1052 1811 iu
1083 1777 1245 1822 sinyulos
1276 1776 1366 1821 dies]
1407 1776 1495 1819 „auf
1528 1777 1564 1821 je
1602 1775 1709 1810 einen

963 1823 1084 1867 Tag“,
1110 1823 1258 1858 bezieht
1287 1822 1365 1857 sich
1397 1823 1464 1857 auf
1485 1823 1593 1858 beide
1621 1822 1708 1857 Gat-

961 1871 1102 1914 tungen
1128 1881 1201 1905 von
1228 1869 1386 1914 Spielen.

1013 1920 1065 1951 10.
1093 1917 1324 1951 triumvirum
1342 1915 1548 1960 ayrarz'um]
1576 1926 1614 1950 er
1633 1925 1710 1948 war

966 1963 1138 2007 Mitglied
1153 1963 1252 1998 einer
1260 1962 1508 1998 Kommission
1523 1961 1709 1996 fiirLand-

966 2009 1176 2054 verteilung
1208 2021 1256 2044 an
1281 2009 1465 2045 romische
1492 2008 1710 2043 Kolonisten

968 2067 1148 2101 gewesen.
1176 2056 1236 2100 21,
1263 2060 1320 2100 25,
1347 2060 1377 2090 3.

1012 2104 1193 2147 neyabant
1231 2123 1276 2128 —
1313 2104 1394 2138 iure
1427 2101 1555 2147 fuisse]
1615 2101 1711 2135 auch

965 2149 1026 2192 30,
1054 2154 1108 2193 19,
1136 2154 1155 2184 9
1189 2152 1273 2194 sagt
1297 2150 1394 2184 Liv.:
1428 2150 1541 2183 latum
1573 2149 1621 2182 ad
1644 2158 1710 2192 po-

959 2197 1092 2240 pulum
1105 2200 1165 2239 est,
1185 2207 1229 2231 ne
1245 2195 1281 2230 C.
1298 2197 1451 2231 Servilio
1468 2195 1599 2238 fraudi
1615 2197 1713 2237 esset,

968 2244 1063 2288 quod
1077 2246 1194 2287 patre,
1221 2244 1285 2287 qui
1303 2244 1390 2277 sella
1415 2243 1536 2277 curuli
1555 2242 1712 2283 sedisset,

966 2290 1062 2332 vivo,
1109 2300 1188 2324 cum
1230 2290 1270 2324 id
1303 2291 1504 2334 igynoraret,
1542 2289 1712 2322 tribunus

961 2337 1079 2380 plebis
1117 2340 1223 2381 atque
1256 2337 1386 2370 aedilis
1419 2336 1536 2379 plebis
1573 2335 1712 2377 fuisset,

967 2386 1256 2427 contraquam
1293 2386 1493 2417 sanctum
1537 2381 1712 2425 legibus

967 2434 1071 2464 erat.
1098 2430 1181 2464 Von
1195 2429 1311 2464 dieser
1328 2428 1530 2464 Riicksicht
1545 2427 1595 2462 ist
1610 2429 1713 2462 sonst

968 2476 1090 2511 nichts
1115 2476 1292 2511 bekannt.

1016 2532 1037 2557 c
1086 2522 1144 2558 22.
1194 2522 1592 2566 Vorbereitungen
1641 2519 1713 2554 fiir

969 2569 1045 2603 das
1070 2580 1180 2604 neue
1206 2569 1487 2614 Kriegsjahr.
1526 2567 1712 2602 Provin-

969 2625 1070 2650 zen-
1097 2616 1184 2650 und
1210 2614 1663 2657 Heeresverteilung.

1020 2666 1049 2695 1.
1077 2665 1118 2696 ut
1147 2662 1370 2707 numeretur]
1419 2661 1596 2705 ‚,gesetzt,
1632 2658 1712 2693 dass

969 2719 1054 2742 man
1068 2707 1323 2742 mitrechnet“.
1349 2707 1546 2742 Marcellus
1567 2717 1643 2741 war
1661 2706 1713 2740 im

970 2755 991 2789 J
995 2755 1082 2788 ahre
1126 2758 1193 2788 215
1235 2754 1414 2799 gewiihlt‚
1454 2754 1543 2788 aber
1584 2763 1714 2796 wegen

970 2800 1070 2835 eines
1082 2800 1247 2835 Donners
1259 2801 1318 2835 bei
1326 2800 1567 2835 Amtsantritt
1577 2799 1714 2834 musste

970 2858 1008 2882 er
1033 2847 1300 2883 zun'icktreten.
1340 2847 1399 2892 23,
1427 2851 1483 2893 31,
1511 2850 1564 2883 13.
