1926 3219
188 136 244 178 70
687 136 828 171 LIBER
856 136 1003 171 XXVII.
1056 135 1154 170 CAP.
1183 140 1238 172 40.

1583 159 1607 177 a.
1628 159 1656 178 u.
1677 153 1738 179 547.

141 253 162 283 4
192 244 438 297 prolapsam
471 257 565 283 eam
597 242 803 295 erexisse3
841 245 1011 296 postea,
1051 256 1145 283 cum
1177 243 1220 284 in
1252 243 1466 298 Hispania
1497 246 1581 286 alia
1615 261 1740 301 super

188 302 317 342 aliam
357 300 497 341 clades
537 300 702 341 duobus
742 300 928 355 egregiis
968 300 1146 341 ducibus
1186 302 1354 342 amissis
1393 303 1497 345 duos
1531 305 1739 346 exercitus

187 374 235 400 ex
279 361 402 413 parte
443 359 642 407 delesset,
686 358 822 399 multa
868 358 1052 400 secunda
1096 359 1142 399 in
1180 358 1307 400 Italia
1346 358 1573 416 Siciliaque
1618 365 1738 418 gesta

140 428 158 458 5
188 420 433 472 quassatam
466 430 554 456 rem
587 416 802 471 publicam
835 417 1071 472 excepisse3
1104 420 1145 458 et
1177 418 1317 471 ipsum
1344 417 1616 462 intervallum
1644 421 1738 473 loci,

186 475 298 530 quod
330 476 374 515 in
407 475 568 516 ultimis
600 478 813 516 terrarum
845 476 931 517 oris
966 476 1146 517 alterum
1178 475 1338 517 bellum
1371 483 1605 532 gereretur,
1645 494 1739 535 spa·

139 544 158 575 6
186 534 292 574 tium
331 531 496 574 dedisse
536 533 588 574 ad
626 534 939 588 respirandum:
979 548 1089 575 nunc
1130 534 1212 575 duo
1254 534 1365 575 bella
1397 535 1440 575 in
1471 534 1640 578 Italiam
1674 552 1739 580 ac-

187 594 330 646 cepta,
375 591 458 633 duo
491 592 752 633 celeberrimi
783 593 969 635 nominis
1003 593 1128 634 duces
1168 593 1439 634 circumstare
1476 594 1624 636 urbem
1656 595 1739 638 Ro-

186 665 374 702 manam,
409 653 451 691 et
483 665 615 692 unum
648 650 692 691 in
724 651 863 693 locum
896 654 1032 692 totam
1065 652 1244 705 periculi
1276 652 1444 705 molem,
1477 666 1602 694 omne
1635 667 1740 695 onus

186 709 442 750 incubuisse.

137 778 155 808 7
183 781 278 808 cum
317 768 452 809 altero
492 768 747 809 iuncturum.

183 826 363 867 duorum
402 827 623 868 consulum
663 826 895 868 funeribus.

499 709 570 763 qui
603 723 746 751 eorum
780 711 895 764 prior
927 709 1111 763 vicisset,
1142 711 1255 751 intra
1287 724 1446 764 paucos
1481 710 1569 752 dies
1603 714 1742 752 castra

810 767 999 809 terrebat
1037 772 1078 809 et
1116 769 1334 822 proximus
1376 784 1511 810 annus
1544 769 1738 824 lugubris

962 826 1030 867 his
1069 827 1185 868 anxii
1225 828 1335 868 curis
1375 827 1571 869 homines
1605 828 1740 883 digre-

138 894 156 925 8
185 884 339 926 dientis
373 885 416 926 in
447 885 690 939 provincias
723 885 918 927 consules
951 886 1163 938 prosecuti
1206 888 1316 927 sunt.

1377 887 1608 928 memoriae
1647 901 1742 942 pro·

182 943 317 984 ditum
358 946 422 984 est
458 943 634 997 plenum
674 942 809 984 adhuc
850 944 936 984 irae
975 943 1018 984 in
1058 943 1162 984 civis
1195 943 1250 984 M.
1283 943 1451 985 Livium
1491 945 1543 986 ad
1581 945 1741 987 bellum

183 1001 523 1055 proficiscentem
560 1002 751 1043 monenti
779 1000 826 1050 Q.
855 1001 1002 1055 Fabio,
1027 1016 1092 1055 ne,
1118 1002 1366 1056 priusquam
1393 1016 1527 1057 genus
1552 1003 1741 1045 hostium

183 1064 420 1114 cognosset,
453 1063 612 1101 temere
644 1075 818 1101 manum
852 1063 1105 1113 consereret,
1137 1060 1422 1114 respondisse,
1453 1061 1526 1102 ubi
1557 1062 1741 1115 primum

135 1129 154 1159 9
182 1118 371 1160 hostium
404 1133 558 1174 agmen
591 1119 903 1173 conspexisset,
942 1122 1249 1173 pugnaturum.

1319 1133 1413 1160 cum
1456 1123 1742 1174 quaereretur,

183 1191 290 1232 quae
324 1192 453 1219 causa
488 1177 720 1219 festinandi
753 1181 886 1231 esset,
917 1181 1017 1231 „aut
1048 1192 1097 1218 ex
1129 1177 1253 1219 hoste
1286 1179 1503 1233 egregiam
1536 1178 1742 1233 gloriam“

183 1236 322 1290 inquit
352 1239 453 1289 „aut
485 1251 533 1276 ex
566 1236 732 1278 civibus
764 1237 889 1278 victis
924 1236 1126 1292 gaudium
1160 1237 1359 1278 meritum
1392 1238 1515 1290 certe,
1548 1237 1628 1278 etsi
1654 1251 1741 1279 non

184 1294 428 1348 honestum,
462 1294 665 1349 capiam“.

304 1353 562 1408 Priusquam
614 1352 818 1395 Claudius
876 1354 1024 1395 consul
1082 1354 1125 1394 in
1180 1354 1442 1408 provinciam
1492 1355 1743 1409 perveniret,

186 1425 261 1466 per
299 1415 535 1453 extremum
573 1412 703 1453 finem
742 1413 833 1466 agri
872 1412 1087 1453 Larinatis
1127 1413 1351 1453 ducentem
1395 1413 1437 1453 in
1478 1411 1741 1455 Sallentinos
1780 1463 1782 1465 μ

186 1471 419 1512 exercitum
440 1471 727 1512 Hannibalem
755 1471 963 1525 expeditis
991 1471 1240 1512 cohortibus
1267 1471 1443 1512 adortus
1465 1469 1509 1513 C.
1529 1471 1742 1513 Hostilius

113 1540 152 1569 11
182 1529 372 1570 Tubulus
411 1529 698 1583 incomposito
738 1530 899 1585 agmini
938 1529 1174 1570 terribilem
1213 1530 1446 1571 tumultum
1485 1530 1648 1583 intulit3
1689 1530 1742 1572 ad

180 1591 384 1641 quattuor
425 1588 545 1629 milia
577 1588 798 1629 hominum
832 1588 1003 1641 occidit,
1041 1602 1195 1629 novem
1229 1588 1354 1643 signa
1385 1589 1588 1630 militaria
1619 1589 1742 1643 cepit.

183 1650 380 1688 moverat
419 1661 469 1688 ex
507 1646 700 1688 hibernis
740 1646 791 1687 ad
831 1646 989 1688 famam
1029 1646 1166 1688 hostis
1207 1646 1254 1695 Q.
1294 1645 1514 1699 Claudius,
1558 1648 1629 1701 qui
1668 1662 1743 1702 per

113 1716 152 1746 12
183 1705 309 1746 urbes
344 1706 437 1761 agri
471 1704 696 1747 Sallentini
729 1707 868 1747 castra
902 1705 1113 1759 disposita
1144 1704 1344 1746 habebat.
1385 1706 1528 1759 itaque
1560 1719 1612 1746 ne
1645 1720 1741 1747 cum

182 1764 346 1805 duobus
381 1764 636 1806 exercitibus
670 1764 796 1805 simul
829 1764 1090 1819 confligeret,
1121 1763 1343 1805 Hannibal
1374 1767 1499 1805 nocte
1526 1767 1666 1806 castra
1692 1779 1742 1806 ex

112 1832 153 1863 13
184 1836 287 1878 agro
326 1823 558 1864 Tarentino
598 1823 732 1864 movit
771 1826 897 1877 atque
936 1823 978 1863 in
1019 1822 1215 1864 Bruttios
1256 1823 1478 1863 concessit.

1540 1821 1742 1864 Claudius

180 1882 223 1922 in
257 1879 517 1923 Sallentinos
557 1895 712 1937 agmen
751 1881 981 1935 convertit3
1020 1881 1233 1922 Hostilius
1268 1880 1458 1935 Capuam
1491 1884 1640 1936 petens
1673 1881 1744 1923 ob·

113 1950 156 1981 14
183 1940 276 1981 vius
317 1941 367 1981 ad
401 1940 635 1981 Venusiam
669 1940 751 1981 fuit
785 1941 948 1981 consuli
983 1938 1174 1981 Claudio.

1239 1940 1299 1981 ibi
1332 1953 1381 1980 ex
1413 1942 1594 1994 utroque
1627 1954 1743 1981 exer-

180 1999 265 2040 citu
300 1999 435 2040 electa
466 1999 659 2053 peditum
694 1999 978 2054 quadraginta
1010 1999 1140 2052 milia,
1172 1998 1253 2040 duo
1288 1998 1409 2039 milia
1441 2001 1483 2039 et
1516 1998 1743 2054 quingenti

226 2142 258 2172 4.
295 2139 409 2172 multa
447 2139 604 2173 secunda
638 2159 680 2163 -
713 2138 828 2183 qesta]
856 2138 923 2171 wie

180 2185 294 2219 multa
296 2186 492 2229 praeclara
498 2186 521 2227 f
517 2188 599 2220 acta
608 2185 785 2230 gebfldet,
800 2185 925 2219 indem

178 2235 276 2276 qesta
301 2243 393 2276 ganz
423 2231 637 2267 Substantiv
664 2232 766 2266 wird.

227 2279 417 2324 excepisse]
458 2279 609 2322 „hatten
643 2278 924 2323 aufgefangen‘·,

181 2337 240 2359 am
262 2325 414 2360 Stfirzen
433 2326 656 2360 verhindert.
684 2325 845 2359 Beachte
866 2325 924 2359 die

180 2373 217 2406 in
251 2373 463 2417 prolapsam
505 2393 546 2398 —
580 2373 843 2417 praecipitasse
881 2393 922 2396 —

180 2423 388 2464 quassatam
424 2441 464 2444 —
498 2421 649 2454 erexisse
682 2440 723 2444 —
751 2420 927 2463 excepisse

179 2466 467 2511 durchgefi'ihrte
498 2466 691 2510 Metapher
723 2477 807 2501 vom
840 2465 924 2500 Ein-

179 2516 296 2548 sturze
324 2513 424 2548 eines
450 2512 655 2548 Gebaudes.

227 2564 258 2594 6.
281 2560 527 2606 circumstare]
542 2561 631 2595 stets
643 2572 715 2594 von
728 2558 923 2602 Gefabren,

180 2606 239 2642 die
262 2607 415 2651 jemand
436 2610 649 2652 umringen:
670 2611 794 2649 terror,
816 2607 923 2651 mala,

175 2655 329 2698 proelia,
357 2654 448 2688 bella
474 2667 508 2688 u.
536 2665 567 2688 a.

231 2705 262 2734 9.
288 2702 391 2736 merit
397 2713 453 2735 um
463 2705 562 2744 certe,
571 2701 637 2736 etsi
646 2711 719 2736 non
726 2700 924 2746 honestum]

186 2747 296 2781 meist
323 2748 453 2782 stehen
479 2748 538 2782 die
559 2748 665 2783 Satze
686 2748 925 2793 umgekehrt;

187 2794 281 2828 auch
309 2794 391 2828 tritt
411 2795 471 2829 bei
491 2794 618 2830 Cicero
639 2797 740 2838 stets,
765 2794 826 2829 bei
847 2793 924 2829 Liv.

184 2841 288 2875 nicht
303 2841 421 2875 seiten
440 2842 473 2875 si
487 2852 559 2876 own
575 2843 667 2876 statt
686 2842 751 2876 etsi
764 2852 837 2876 non
853 2840 923 2876 ein.

184 2887 251 2922 Die
296 2887 707 2932 Adversativpartikeln
744 2891 847 2930 certe,
887 2891 925 2922 at

998 2141 1106 2177 certe,
1145 2137 1269 2172 saltem.
1306 2137 1454 2172 konnen
1500 2137 1610 2172 dabei
1652 2136 1743 2172 fort-

998 2185 1129 2218 fallen:
1144 2184 1204 2227 25,
1219 2188 1274 2227 35,
1291 2189 1322 2219 6.
1337 2185 1370 2219 si
1385 2205 1424 2210 —
1442 2187 1653 2228 nonposset,
1668 2185 1744 2228 ipse

999 2252 1039 2256 —
1069 2235 1158 2266 certe
1189 2232 1435 2276 coniunyeret3
1469 2243 1504 2265 u.
1535 2230 1602 2273 30,
1629 2234 1691 2272 44,
1721 2233 1741 2264 8

998 2279 1031 2313 si
1055 2279 1147 2321 foris
1173 2279 1302 2313 hostem
1327 2288 1401 2312 ozon
1425 2278 1539 2320 habet,
1565 2278 1662 2312 domi
1686 2278 1742 2311 in-

998 2326 1102 2360 venit.

1046 2381 1076 2406 c.
1104 2370 1170 2413 40,
1200 2375 1323 2406 10—c.
1350 2370 1409 2405 42.
1437 2370 1735 2405 Unternehm-

999 2430 1148 2463 ungen
1174 2429 1317 2463 gegen
1343 2417 1581 2452 Hannibal.

1047 2470 1101 2500 11.
1128 2466 1177 2500 ad
1207 2466 1343 2507 famam
1374 2465 1500 2509 hostis]
1536 2463 1626 2506 „auf
1653 2462 1741 2498 Ver-

997 2512 1199 2556 anlassung
1223 2512 1288 2546 der
1307 2510 1512 2546 Nachricht
1529 2512 1639 2552 v0n“;
1667 2510 1740 2554 vgl.

998 2570 1026 2594 c.
1054 2563 1110 2601 28,
1138 2563 1192 2594 10.
1219 2559 1268 2593 ad
1292 2569 1417 2594 vocem.

1042 2617 1106 2650 per
1140 2606 1242 2641 urbes
1273 2606 1407 2649 castra]
1443 2603 1536 2639 auch
1575 2603 1610 2645 6,
1633 2607 1664 2647 6,
1687 2607 1741 2637 13.

997 2654 1081 2698 sagt
1118 2652 1195 2687 Liv.
1234 2663 1307 2687 von
1341 2650 1558 2693 Quartieren
1602 2650 1639 2684 in
1677 2650 1742 2684 der

1002 2698 1126 2735 Stadt:
1154 2701 1194 2734 in
1219 2700 1306 2734 urbe
1332 2701 1451 2733 castra
1476 2697 1613 2732 habere.

1050 2751 1103 2781 14.
1130 2747 1236 2781 electa
1268 2766 1307 2770 -
1331 2745 1495 2789 peditum
1523 2764 1564 2769 -
1591 2743 1740 2789 equites]

998 2794 1035 2828 in
1057 2792 1298 2836 Verbindung
1323 2791 1391 2826 mit
1416 2791 1635 2826 Tausenden
1667 2791 1742 2825 und

998 2840 1212 2874 Hunderten
1233 2839 1334 2873 steht
1354 2838 1419 2872 das
1434 2836 1607 2882 Partizip,
1633 2847 1741 2872 wenn

998 2897 1036 2921 es
1051 2886 1261 2930 vorantritt,
1283 2886 1459 2920 meistens
1474 2884 1525 2918 im
1539 2883 1738 2927 Neutrum3
