1926 3219
131 126 156 145 ι.
178 118 228 145 Ch.
250 118 309 144 208.
331 119 390 144 207.

594 105 737 140 LIBER
762 104 906 139 XXVII.
957 105 1055 140 CAP.
1083 109 1138 140 35.
1166 109 1221 140 36.
1627 106 1682 147 63

131 214 278 268 itaque
310 213 345 253 is
378 213 515 267 magis
547 212 819 266 inplacabilis
853 216 943 254 erat
975 216 1017 254 et
1049 212 1155 253 nihil
1190 227 1295 266 opus
1322 226 1412 254 esse
1438 213 1682 255 reconcilia·
1711 217 1731 247 8

130 272 248 313 tione
280 271 438 324 aiebat3
478 272 616 312 acrius
650 274 692 312 et
722 271 928 312 intentius
968 272 1110 312 omnia
1150 274 1346 326 gesturos
1384 271 1592 321 timentis,
1630 286 1682 313 ne

135 328 348 371 crescendi
382 343 429 370 ex
464 344 507 370 se
545 330 718 371 inimico
751 330 953 384 conlegae
986 333 1176 384 potestas
1209 330 1339 370 fieret.

1405 329 1508 370 vicit
1538 333 1681 371 tamen
1709 339 1729 369 9

131 388 365 429 auctoritas
393 392 578 441 senatus,
604 391 651 429 ut
678 389 830 442 positis
858 389 1147 429 simultatibus
1174 388 1389 430 communi
1417 388 1560 429 animo
1588 402 1682 429 con-

134 446 316 500 silioque
361 447 709 488 administrarent
754 460 842 487 rem
887 447 1118 499 publicam.

131 505 369 558 permixtae
409 505 674 559 regionibus,
713 504 821 544 sicut
859 504 1149 556 superioribus
1193 504 1335 556 annis,
1380 505 1452 545 sed
1493 504 1683 546 diversae

130 564 330 604 extremis
363 563 512 604 Italiae
545 563 712 614 finibus,
744 561 868 601 alteri
902 561 1104 602 adversus
1136 561 1422 603 Hannibalem
1449 562 1609 603 Bruttii
1642 568 1683 604 et

130 621 304 674 Lucani,
331 622 453 663 alteri
480 619 620 661 Gallia
646 619 846 660 adversus
873 618 1203 673 Hasdrubalem,
1236 635 1360 674 quem
1386 621 1473 662 iarn
1500 621 1683 675 Alpibus

133 680 474 734 adpropinquare
506 678 620 719 fama
652 680 755 730 erat,
787 677 966 719 decreta.
1017 679 1249 720 exercit-um
1281 693 1301 720 e
1329 679 1506 733 duobus,
1540 680 1611 734 qui
1639 680 1683 720 in
1712 688 1752 718 11

131 737 271 779 Gallia
302 738 454 791 quique
486 737 530 776 in
562 735 736 776 Etruria
771 739 899 789 esset,
932 736 1075 778 addito
1107 737 1288 790 urbano,
1322 738 1516 792 eligeret,
1558 752 1682 792 quem

132 797 294 849 mallet,
333 795 404 849 qui
443 793 628 835 Galliam
667 797 779 836 esset
810 795 1005 847 sortitus,
1045 795 1111 836 cui
1144 794 1304 847 Bruttii
1337 797 1556 850 provincia
1589 811 1680 837 eve·
1709 805 1750 835 12

129 855 277 905 nisset,
303 853 426 895 novis
446 853 686 908 legionibus
712 853 886 894 urbanis
914 854 1096 907 scriptis,
1121 855 1259 896 utrius
1286 854 1435 895 mallet
1461 855 1681 896 consulum

127 912 283 966 prioris
318 912 417 952 anni
453 912 683 952 exercitum
717 914 920 965 sumeret3
957 913 1153 954 relictum
1186 928 1210 954 a
1243 913 1415 954 consule
1449 914 1679 954 exercitum
1709 921 1750 952 13

131 969 179 1020 Q.
199 969 376 1011 Fulvius
397 971 627 1024 proconsul
648 971 872 1024 acciperet,
899 971 1019 1025 eique
1047 972 1092 1012 in
1119 985 1278 1012 annum
1303 971 1530 1025 imperium
1558 976 1682 1013 esset.

132 1031 174 1070 et
212 1027 256 1070 C.
295 1028 500 1081 Hostilio,
550 1029 615 1070 cui
659 1043 737 1082 pro
780 1028 956 1070 Etruria
995 1029 1229 1071 Tarentum
1272 1033 1542 1071 mutaverant
1584 1045 1681 1085 pro-
1710 1038 1754 1068 14

131 1087 330 1141 vinciam,
362 1102 438 1141 pro
465 1087 651 1129 Tarento
679 1086 868 1142 Capuam
895 1090 1184 1142 mutaverunt3
1217 1089 1330 1143 legio
1356 1103 1442 1130 una
1474 1089 1574 1130 data
1606 1091 1682 1142 est,

128 1146 195 1187 cui
225 1145 404 1187 Fulvius
437 1147 630 1200 proximo
664 1161 774 1188 anno
806 1146 1061 1201 praefuerat.

243 1204 309 1246 De
335 1204 620 1246 Hasdrubalis
648 1205 830 1247 adventu
856 1205 900 1246 in
925 1205 1096 1247 Italiam
1124 1220 1224 1247 cura
1251 1207 1294 1247 in
1326 1206 1415 1248 dies
1448 1206 1677 1248 crescebat.
1704 1209 1753 1245 36

127 1262 458 1304 Massiliensium
502 1264 688 1318 primum
732 1264 866 1320 legati
909 1265 1215 1306 nuntiaverant
1258 1279 1355 1306 eum
1404 1265 1449 1306 in
1493 1264 1681 1306 Galliam

125 1324 460 1377 transgressum,
498 1325 744 1376 erectosque
778 1323 963 1364 adventu
996 1323 1103 1377 eius,
1137 1323 1235 1377 quia
1273 1337 1476 1378 magnum
1515 1323 1680 1377 pondus
1707 1331 1727 1362 2

129 1381 221 1421 auri
253 1381 450 1421 attulisse
483 1379 692 1421 diceretur
724 1381 776 1421 ad
808 1381 999 1422 mercede
1033 1382 1192 1423 auxilia
1221 1382 1506 1435 conducenda,
1539 1382 1681 1423 Gallo-

129 1453 224 1479 rum
258 1439 434 1480 animos.

496 1439 616 1479 missi
648 1439 800 1480 deinde
833 1453 927 1481 cum
959 1440 1011 1481 iis
1043 1441 1176 1494 legati
1209 1441 1262 1481 ab
1295 1440 1434 1482 Roma
1467 1438 1559 1482 Sex.
1593 1440 1680 1481 An·
1709 1448 1728 1479 3

125 1497 271 1538 tistius
305 1499 347 1538 et
378 1495 434 1538 M.
466 1496 649 1539 Raecius
683 1498 734 1538 ad
765 1512 855 1539 rem
886 1498 1195 1552 inspiciendam
1227 1500 1486 1540 rettulerant
1512 1500 1681 1540 misisse

126 1569 171 1596 se
204 1569 300 1597 cum
331 1555 674 1597 Massiliensibus
707 1556 897 1610 ducibus,
931 1557 1003 1611 qui
1034 1572 1109 1611 per
1140 1558 1332 1612 hospites
1366 1572 1533 1611 eorum,
1565 1558 1680 1612 prin·

126 1613 240 1667 cipes
291 1613 529 1667 Gallorum,

586 1615 729 1656 omnia
779 1616 999 1669 explorata
1048 1615 1274 1669 referrent,

1330 1631 1408 1670 pro
1459 1620 1676 1671 comperto
1705 1624 1727 1655 4

123 1671 302 1724 habere,
350 1672 665 1714 Hasdrubalem
709 1674 874 1728 ingenti
918 1675 1004 1715 iam
1049 1678 1197 1716 coacto
1248 1676 1435 1717 exercitu
1484 1676 1679 1730 proximo

123 1744 220 1772 vere
254 1731 379 1785 Alpis
411 1732 710 1785 traiecturum,
739 1747 817 1774 nec
847 1735 939 1774 tum
973 1748 1069 1774 eum
1102 1734 1327 1788 quicquam
1361 1734 1476 1775 aliud
1509 1734 1680 1786 morari,

123 1790 207 1830 nisi
242 1789 356 1843 quod
388 1790 555 1831 clausae
587 1790 725 1831 hieme
758 1791 889 1845 Alpes
923 1794 1076 1833 essent.

244 1847 295 1888 In
335 1848 474 1890 locum
514 1848 570 1890 M.
607 1848 800 1891 Marcelli
842 1849 886 1890 P.
931 1850 1080 1891 Aelius
1124 1849 1279 1891 Paetus
1327 1864 1464 1905 augur
1509 1854 1675 1892 creatus
1706 1857 1720 1866 ³

170 2011 200 2043 8.
229 2010 408 2045 crescendi
450 2021 494 2045 ex
535 2011 585 2056 se]

122 2055 262 2090 Kosten
279 2056 357 2091 sich
377 2069 420 2091 zu
434 2057 632 2093 erh6hen“.
659 2058 720 2102 23,
734 2061 791 2102 48,
808 2063 860 2094 10.

121 2103 353 2148 reipublicae,
384 2115 427 2138 ex
458 2116 530 2149 qua
561 2106 758 2141 crevissent.
802 2105 862 2148 ⁶29,

121 2153 177 2192 37,
208 2153 260 2184 17.

169 2200 224 2230 11.
250 2208 352 2241 quem
381 2198 516 2243 mallet]
556 2198 785 2234 namentlich
816 2199 864 2234 da

122 2253 138 2276 e
151 2243 290 2278 duobus
308 2245 535 2289 vorausgeht
552 2245 627 2280 und
646 2249 665 2288 ξ
682 2250 723 2280 12
743 2247 864 2280 utrius

120 2289 241 2323 mallet
259 2290 365 2335 folgt,
391 2292 500 2326 sollte
526 2292 621 2326 auch
640 2293 720 2327 hier
738 2297 862 2328 utrum

121 2335 270 2378 stehen;
320 2338 492 2373 'ahnliche
541 2339 860 2385 Ungenauigkeit:

120 2392 149 2417 c.
177 2386 232 2425 35,
260 2387 290 2417 5.

169 2433 224 2464 1⁶2.
250 2430 416 2475 sumeret]
445 2431 577 2466 driickt
597 2444 674 2475 auS,
702 2433 781 2468 dass
802 2434 861 2469 die

118 2475 234 2511 Wahl
250 2475 330 2511 eine
345 2477 589 2512 beschrankte
609 2479 673 2522 ist3
694 2480 862 2525 dagegen

121 2533 151 2557 c.
179 2527 234 2566 38,
261 2527 292 2558 9.
325 2524 479 2568 eliyendi
503 2525 546 2559 de
577 2527 751 2570 omnibus,
784 2527 863 2563 dass

121 2569 172 2603 sie
208 2570 288 2604 eine
314 2571 608 2606 unbeschr'ankte
634 2572 693 2607 ist.

160 2626 233 2659 pro
241 2616 401 2652 Etruria
409 2638 450 2643 —
463 2620 703 2665 mutaverant]
723 2624 862 2655 mutare

118 2663 189 2697 mit
212 2673 280 2706 pro
305 2665 395 2699 statt
426 2664 490 2699 des
515 2665 666 2700 Ablativ
692 2668 758 2701 hat
784 2666 860 2701 Liv.

119 2710 242 2744 zuerst
254 2709 330 2744 und
346 2722 416 2745 nur
428 2712 524 2747 noch
549 2713 610 2756 34,
624 2717 680 2756 49,
695 2717 726 2747 6.
747 2717 861 2748 muta-

118 2759 172 2790 tos
190 2767 263 2801 pro
284 2756 549 2794 Macedonibus
567 2759 767 2803 Romanos3
793 2760 862 2795 mit

120 2812 201 2837 cum
226 2802 287 2849 21,
313 2808 370 2847 45,
392 2808 422 2839 6.
449 2809 621 2841 mutatam
648 2817 762 2842 secum
787 2808 861 2851 for-

117 2852 256 2885 tunam.

632 2011 722 2055 „auf
761 2012 862 2046 scine

982 2021 1012 2047 c.
1039 2011 1099 2055 36,
1128 2016 1228 2047 1—4.
1255 2012 1536 2048 Hasdrubals
1568 2013 1679 2048 Rus-

933 2060 1105 2103 tungen
1131 2059 1174 2093 in
1201 2059 1396 2094 Gallien.

982 2109 1014 2140 2.
1043 2109 1171 2141 erectos
1212 2107 1382 2152 adventu]
1423 2107 1569 2150 „durch
1603 2107 1678 2141 sein

933 2152 1159 2187 Erscheinen
1171 2152 1210 2186 in
1221 2154 1549 2199 erwartungsvolle
1563 2153 1679 2198 Span-

934 2211 1036 2244 nung
1055 2201 1255 2242 versetzt“;
1283 2201 1378 2235 auch
1398 2204 1531 2236 erectus
1551 2202 1592 2235 in
1611 2201 1678 2235 ali·

935 2257 1043 2291 quam
1069 2258 1150 2281 rem.
1178 2257 1208 2281 c.
1235 2251 1291 2289 38,
1319 2251 1338 2281 6
1364 2248 1405 2281 in
1429 2250 1535 2292 spem.

981 2294 1029 2328 ad
1066 2313 1109 2319 ——
1154 2294 1402 2340 conducenda]
1441 2295 1507 2329 das
1554 2294 1677 2338 einge-

934 2340 1119 2375 schobene
1129 2341 1678 2376 mercedeauxiliaversehmilzt

933 2387 1003 2422 mit
1027 2388 1259 2422 conducenda
1287 2400 1330 2422 zu
1356 2389 1501 2423 einem
1525 2388 1676 2433 Begriffi

934 2434 999 2468 der
1030 2445 1103 2469 von
1135 2435 1183 2469 ad
1207 2435 1345 2480 regiert
1376 2435 1476 2470 wird.
1505 2446 1534 2469 c.
1561 2439 1618 2476 20,
1646 2439 1676 2469 7.

934 2482 983 2516 ad
1002 2482 1234 2516 conducenda
1247 2483 1402 2517 mercede
1421 2483 1566 2517 auxilia
1586 2494 1619 2516 u.
1644 2485 1675 2516 ὃ.

981 2532 1014 2562 4.
1049 2529 1194 2563 clausae
1219 2549 1260 2553 —
1288 2529 1412 2574 hieme]
1445 2530 1537 2563 statt
1568 2530 1676 2563 inter—

941 2575 1074 2616 clusam
1117 2575 1211 2610 doch
1249 2578 1333 2621 sagt
1368 2576 1447 2610 Liv.
1484 2575 1677 2610 mehrfach

935 2622 1095 2663 clausae,
1138 2632 1195 2656 wo
1233 2622 1298 2656 das
1337 2621 1589 2666 Compositum
1633 2633 1676 2655 zu

935 2670 1116 2702 erwarten
1153 2672 1260 2703 ware.
1313 2680 1341 2702 c.
1381 2672 1435 2710 18,
1467 2673 1497 2703 9.
1548 2669 1676 2713 fuyam

934 2715 1154 2750 clausurum.
1182 2726 1211 2749 c.
1227 2718 1284 2759 46,
1300 2718 1330 2749 6.
1357 2716 1555 2749 transitum
1577 2716 1675 2750 clau-

933 2762 1029 2796 deret
1055 2773 1086 2797 u.
1115 2772 1147 2795 a.

982 2817 1013 2842 c.
1028 2808 1088 2852 36,
1105 2812 1230 2845 5—14.
1250 2809 1484 2854 Religiose
1501 2809 1675 2843 Anord-

933 2855 1673 2901 nungen,Provinzenverteilung.

1197 446 1445 499 provinciae
1495 447 1547 487 iis
1596 460 1683 488 non
1712 455 1753 484 10
