<?xml version="1.0" encoding="UTF-8"?>
<!DOCTYPE html PUBLIC "-//W3C//DTD XHTML 1.0 Transitional//EN"
    "http://www.w3.org/TR/xhtml1/DTD/xhtml1-transitional.dtd">
<html xmlns="http://www.w3.org/1999/xhtml" xml:lang="en" lang="en">
 <head>
  <title>
</title>
<meta http-equiv="Content-Type" content="text/html;charset=utf-8" />
  <meta name='ocr-system' content='tesseract 3.04.00' />
  <meta name='ocr-capabilities' content='ocr_page ocr_carea ocr_par ocr_line ocrx_word'/>
</head>
<body>
  <div class='ocr_page' id='page_1' title='image "./aburbeconditalib27livyuoft_0101.png"; bbox 0 0 1926 3219; ppageno 0'>
   <div class='ocr_carea' id='block_1_1' title="bbox 123 119 1673 162">
    <p class='ocr_par' dir='ltr' id='par_1_1' title="bbox 123 119 1673 162">
     <span class='ocr_line' id='line_1_1' title="bbox 123 119 1673 162; baseline -0.006 -2"><span class='ocrx_word' id='word_1_1' title='bbox 123 141 148 160; x_wconf 70' lang='lat' dir='ltr'>a.</span> <span class='ocrx_word' id='word_1_2' title='bbox 171 133 300 160; x_wconf 44' lang='grc'>011207.</span> <span class='ocrx_word' id='word_1_3' title='bbox 622 119 764 154; x_wconf 83' lang='lat' dir='ltr'><strong>LIBER</strong></span> <span class='ocrx_word' id='word_1_4' title='bbox 789 119 935 155; x_wconf 88' lang='lat' dir='ltr'><strong>XXVII.</strong></span> <span class='ocrx_word' id='word_1_5' title='bbox 988 120 1088 156; x_wconf 88' lang='lat' dir='ltr'>CAP.</span> <span class='ocrx_word' id='word_1_6' title='bbox 1117 124 1171 155; x_wconf 81' lang='lat'>46.</span> <span class='ocrx_word' id='word_1_7' title='bbox 1621 121 1673 162; x_wconf 74' lang='lat'>79</span> 
     </span>
    </p>
   </div>
   <div class='ocr_carea' id='block_1_2' title="bbox 122 225 1720 282">
    <p class='ocr_par' dir='ltr' id='par_1_2' title="bbox 122 225 1720 282">
     <span class='ocr_line' id='line_1_2' title="bbox 122 225 1720 282; baseline -0.001 -14"><span class='ocrx_word' id='word_1_8' title='bbox 122 228 261 281; x_wconf 88' lang='lat' dir='ltr'>batur,</span> <span class='ocrx_word' id='word_1_9' title='bbox 293 227 615 280; x_wconf 88' lang='lat' dir='ltr'>conscripserat.</span> <span class='ocrx_word' id='word_1_10' title='bbox 667 226 718 268; x_wconf 90' lang='lat' dir='ltr'>ad</span> <span class='ocrx_word' id='word_1_11' title='bbox 752 225 905 268; x_wconf 80' lang='lat' dir='ltr'>Senam</span> <span class='ocrx_word' id='word_1_12' title='bbox 939 230 1080 268; x_wconf 86' lang='lat' dir='ltr'>castra</span> <span class='ocrx_word' id='word_1_13' title='bbox 1113 228 1286 269; x_wconf 87' lang='lat' dir='ltr'>alterius</span> <span class='ocrx_word' id='word_1_14' title='bbox 1319 227 1505 269; x_wconf 88' lang='lat' dir='ltr'>consulis</span> <span class='ocrx_word' id='word_1_15' title='bbox 1539 232 1672 282; x_wconf 86' lang='lat' dir='ltr'>erant,</span> <span class='ocrx_word' id='word_1_16' title='bbox 1699 237 1720 266; x_wconf 86' lang='lat'>4</span> 
     </span>
    </p>
   </div>
   <div class='ocr_carea' id='block_1_3' title="bbox 116 284 1674 1739">
    <p class='ocr_par' dir='ltr' id='par_1_3' title="bbox 116 284 1674 1739">
     <span class='ocr_line' id='line_1_3' title="bbox 123 284 1674 341; baseline 0.001 -15"><span class='ocrx_word' id='word_1_17' title='bbox 123 288 165 327; x_wconf 89' lang='lat' dir='ltr'>et</span> <span class='ocrx_word' id='word_1_18' title='bbox 203 286 460 340; x_wconf 83' lang='lat' dir='ltr'>quingentos</span> <span class='ocrx_word' id='word_1_19' title='bbox 498 284 630 326; x_wconf 85' lang='lat' dir='ltr'>ferme</span> <span class='ocrx_word' id='word_1_20' title='bbox 669 285 767 326; x_wconf 89' lang='lat' dir='ltr'>inde</span> <span class='ocrx_word' id='word_1_21' title='bbox 813 300 965 339; x_wconf 86' lang='lat' dir='ltr'>passus</span> <span class='ocrx_word' id='word_1_22' title='bbox 1005 285 1251 327; x_wconf 79' lang='lat' dir='ltr'>Hasdrubal</span> <span class='ocrx_word' id='word_1_23' title='bbox 1297 286 1454 327; x_wconf 86' lang='lat' dir='ltr'>aberat.</span> <span class='ocrx_word' id='word_1_24' title='bbox 1530 287 1674 341; x_wconf 80' lang='lat' dir='ltr'>itaque</span> 
     </span>
     <span class='ocr_line' id='line_1_4' title="bbox 122 343 1673 398; baseline -0.001 -11"><span class='ocrx_word' id='word_1_25' title='bbox 122 358 215 387; x_wconf 88' lang='lat' dir='ltr'>cum</span> <span class='ocrx_word' id='word_1_26' title='bbox 248 344 334 384; x_wconf 89' lang='lat' dir='ltr'>iam</span> <span class='ocrx_word' id='word_1_27' title='bbox 374 343 753 398; x_wconf 77' lang='lat' dir='ltr'>adpropinquaret,</span> <span class='ocrx_word' id='word_1_28' title='bbox 792 347 928 385; x_wconf 85' lang='lat' dir='ltr'>tectus</span> <span class='ocrx_word' id='word_1_29' title='bbox 968 345 1186 385; x_wconf 87' lang='lat' dir='ltr'>montibus</span> <span class='ocrx_word' id='word_1_30' title='bbox 1225 344 1419 386; x_wconf 70' lang='lat' dir='ltr'><strong>substitit</strong></span> <span class='ocrx_word' id='word_1_31' title='bbox 1451 343 1583 397; x_wconf 86' lang='lat' dir='ltr'>Nero,</span> <span class='ocrx_word' id='word_1_32' title='bbox 1621 359 1673 385; x_wconf 89' lang='lat' dir='ltr'>ne</span> 
     </span>
     <span class='ocr_line' id='line_1_5' title="bbox 122 402 1672 457; baseline 0.001 -15"><span class='ocrx_word' id='word_1_33' title='bbox 122 403 219 443; x_wconf 91' lang='lat' dir='ltr'>ante</span> <span class='ocrx_word' id='word_1_34' title='bbox 269 404 436 443; x_wconf 87' lang='lat' dir='ltr'>noctem</span> <span class='ocrx_word' id='word_1_35' title='bbox 482 405 621 444; x_wconf 87' lang='lat' dir='ltr'>castra</span> <span class='ocrx_word' id='word_1_36' title='bbox 665 402 968 456; x_wconf 79' lang='lat' dir='ltr'>ingrederetur.</span> <span class='ocrx_word' id='word_1_37' title='bbox 1044 403 1212 443; x_wconf 87' lang='lat' dir='ltr'>silentio</span> <span class='ocrx_word' id='word_1_38' title='bbox 1257 403 1458 457; x_wconf 86' lang='lat' dir='ltr'>ingressi,</span> <span class='ocrx_word' id='word_1_39' title='bbox 1508 403 1561 443; x_wconf 91' lang='lat' dir='ltr'>ab</span> <span class='ocrx_word' id='word_1_40' title='bbox 1607 404 1672 444; x_wconf 89' lang='lat' dir='ltr'>sui</span> 
     </span>
     <span class='ocr_line' id='line_1_6' title="bbox 121 460 1673 514; baseline 0.001 -14"><span class='ocrx_word' id='word_1_41' title='bbox 121 460 297 514; x_wconf 88' lang='lat' dir='ltr'>quisque</span> <span class='ocrx_word' id='word_1_42' title='bbox 340 460 498 501; x_wconf 83' lang='lat' dir='ltr'>ordinis</span> <span class='ocrx_word' id='word_1_43' title='bbox 537 460 781 502; x_wconf 89' lang='lat' dir='ltr'>hominibus</span> <span class='ocrx_word' id='word_1_44' title='bbox 820 461 863 500; x_wconf 93' lang='lat' dir='ltr'>in</span> <span class='ocrx_word' id='word_1_45' title='bbox 903 461 1091 501; x_wconf 88' lang='lat' dir='ltr'>tentoria</span> <span class='ocrx_word' id='word_1_46' title='bbox 1134 460 1323 513; x_wconf 89' lang='lat' dir='ltr'>abducti,</span> <span class='ocrx_word' id='word_1_47' title='bbox 1367 475 1461 501; x_wconf 90' lang='lat' dir='ltr'>cum</span> <span class='ocrx_word' id='word_1_48' title='bbox 1507 475 1673 502; x_wconf 87' lang='lat' dir='ltr'>summa</span> 
     </span>
     <span class='ocr_line' id='line_1_7' title="bbox 121 518 1669 578; baseline 0.001 -20"><span class='ocrx_word' id='word_1_49' title='bbox 121 519 310 559; x_wconf 89' lang='lat' dir='ltr'>omnium</span> <span class='ocrx_word' id='word_1_50' title='bbox 340 519 506 560; x_wconf 85' lang='lat' dir='ltr'>laetitia</span> <span class='ocrx_word' id='word_1_51' title='bbox 531 518 805 572; x_wconf 84' lang='lat' dir='ltr'>hospitaliter</span> <span class='ocrx_word' id='word_1_52' title='bbox 831 518 1109 570; x_wconf 80' lang='lat' dir='ltr'>excipiuntur.</span> <span class='ocrx_word' id='word_1_53' title='bbox 1152 521 1324 571; x_wconf 88' lang='lat' dir='ltr'>postero</span> <span class='ocrx_word' id='word_1_54' title='bbox 1351 518 1418 559; x_wconf 90' lang='lat' dir='ltr'>die</span> <span class='ocrx_word' id='word_1_55' title='bbox 1445 519 1669 578; x_wconf 82' lang='lat' dir='ltr'>consilium</span> 
     </span>
     <span class='ocr_line' id='line_1_8' title="bbox 118 574 1671 630; baseline 0.001 -12"><span class='ocrx_word' id='word_1_56' title='bbox 118 576 332 630; x_wconf 86' lang='lat' dir='ltr'>habitum,</span> <span class='ocrx_word' id='word_1_57' title='bbox 382 578 447 618; x_wconf 88' lang='lat' dir='ltr'>cui</span> <span class='ocrx_word' id='word_1_58' title='bbox 491 580 533 618; x_wconf 90' lang='lat' dir='ltr'>et</span> <span class='ocrx_word' id='word_1_59' title='bbox 570 575 615 616; x_wconf 87' lang='lat' dir='ltr'>L.</span> <span class='ocrx_word' id='word_1_60' title='bbox 654 575 828 617; x_wconf 88' lang='lat' dir='ltr'>Porcius</span> <span class='ocrx_word' id='word_1_61' title='bbox 867 574 1039 615; x_wconf 83' lang='lat' dir='ltr'>Licinus</span> <span class='ocrx_word' id='word_1_62' title='bbox 1086 578 1259 629; x_wconf 89' lang='lat' dir='ltr'>praetor</span> <span class='ocrx_word' id='word_1_63' title='bbox 1309 575 1457 617; x_wconf 85' lang='lat' dir='ltr'>adfuit.</span> <span class='ocrx_word' id='word_1_64' title='bbox 1531 581 1671 619; x_wconf 86' lang='lat' dir='ltr'>castra</span> 
     </span>
     <span class='ocr_line' id='line_1_9' title="bbox 119 632 1674 690; baseline 0.001 -15"><span class='ocrx_word' id='word_1_65' title='bbox 119 635 265 676; x_wconf 89' lang='lat' dir='ltr'>iuncta</span> <span class='ocrx_word' id='word_1_66' title='bbox 298 635 518 677; x_wconf 87' lang='lat' dir='ltr'>consulum</span> <span class='ocrx_word' id='word_1_67' title='bbox 552 634 701 675; x_wconf 88' lang='lat' dir='ltr'>castris</span> <span class='ocrx_word' id='word_1_68' title='bbox 734 632 934 685; x_wconf 88' lang='lat' dir='ltr'>habebat,</span> <span class='ocrx_word' id='word_1_69' title='bbox 967 636 1009 673; x_wconf 90' lang='lat' dir='ltr'>et</span> <span class='ocrx_word' id='word_1_70' title='bbox 1041 636 1140 674; x_wconf 87' lang='lat' dir='ltr'>ante</span> <span class='ocrx_word' id='word_1_71' title='bbox 1173 633 1399 675; x_wconf 85' lang='lat' dir='ltr'>adventum</span> <span class='ocrx_word' id='word_1_72' title='bbox 1427 649 1572 676; x_wconf 85' lang='lat' dir='ltr'>eorum</span> <span class='ocrx_word' id='word_1_73' title='bbox 1599 650 1674 690; x_wconf 90' lang='lat' dir='ltr'>per</span> 
     </span>
     <span class='ocr_line' id='line_1_10' title="bbox 119 691 1672 748; baseline 0.001 -13"><span class='ocrx_word' id='word_1_74' title='bbox 119 693 213 735; x_wconf 90' lang='lat' dir='ltr'>loca</span> <span class='ocrx_word' id='word_1_75' title='bbox 252 694 343 735; x_wconf 88' lang='lat' dir='ltr'>alta</span> <span class='ocrx_word' id='word_1_76' title='bbox 388 691 574 734; x_wconf 87' lang='lat' dir='ltr'>ducendo</span> <span class='ocrx_word' id='word_1_77' title='bbox 619 691 867 744; x_wconf 85' lang='lat' dir='ltr'>exercitum,</span> <span class='ocrx_word' id='word_1_78' title='bbox 911 705 1004 732; x_wconf 89' lang='lat' dir='ltr'>cum</span> <span class='ocrx_word' id='word_1_79' title='bbox 1049 691 1174 733; x_wconf 88' lang='lat' dir='ltr'>modo</span> <span class='ocrx_word' id='word_1_80' title='bbox 1219 692 1421 734; x_wconf 85' lang='lat' dir='ltr'>insideret</span> <span class='ocrx_word' id='word_1_81' title='bbox 1466 698 1672 748; x_wconf 82' lang='lat' dir='ltr'>angustos</span> 
     </span>
     <span class='ocr_line' id='line_1_11' title="bbox 119 749 1672 805; baseline 0.001 -12"><span class='ocrx_word' id='word_1_82' title='bbox 119 752 270 804; x_wconf 83' lang='lat' dir='ltr'>saltus,</span> <span class='ocrx_word' id='word_1_83' title='bbox 309 755 355 792; x_wconf 87' lang='lat' dir='ltr'>ut</span> <span class='ocrx_word' id='word_1_84' title='bbox 391 750 618 791; x_wconf 83' lang='lat' dir='ltr'>transitum</span> <span class='ocrx_word' id='word_1_85' title='bbox 659 750 891 802; x_wconf 84' lang='lat' dir='ltr'>clauderet,</span> <span class='ocrx_word' id='word_1_86' title='bbox 928 749 1054 791; x_wconf 88' lang='lat' dir='ltr'>modo</span> <span class='ocrx_word' id='word_1_87' title='bbox 1094 750 1147 791; x_wconf 91' lang='lat' dir='ltr'>ab</span> <span class='ocrx_word' id='word_1_88' title='bbox 1186 750 1319 791; x_wconf 89' lang='lat' dir='ltr'>latere</span> <span class='ocrx_word' id='word_1_89' title='bbox 1359 754 1433 792; x_wconf 89' lang='lat' dir='ltr'>aut</span> <span class='ocrx_word' id='word_1_90' title='bbox 1465 753 1517 793; x_wconf 90' lang='lat' dir='ltr'>ab</span> <span class='ocrx_word' id='word_1_91' title='bbox 1551 755 1672 805; x_wconf 81' lang='lat' dir='ltr'>tergo</span> 
     </span>
     <span class='ocr_line' id='line_1_12' title="bbox 119 807 1671 864; baseline 0.001 -13"><span class='ocrx_word' id='word_1_92' title='bbox 119 812 310 864; x_wconf 84' lang='lat' dir='ltr'>carperet</span> <span class='ocrx_word' id='word_1_93' title='bbox 335 822 500 863; x_wconf 83' lang='lat' dir='ltr'>agmen,</span> <span class='ocrx_word' id='word_1_94' title='bbox 526 808 769 849; x_wconf 89' lang='lat' dir='ltr'>ludificatus</span> <span class='ocrx_word' id='word_1_95' title='bbox 789 807 965 853; x_wconf 81' lang='lat' dir='ltr'>hostem</span> <span class='ocrx_word' id='word_1_96' title='bbox 987 809 1183 850; x_wconf 87' lang='lat' dir='ltr'>omnibus</span> <span class='ocrx_word' id='word_1_97' title='bbox 1204 809 1368 850; x_wconf 89' lang='lat' dir='ltr'>artibus</span> <span class='ocrx_word' id='word_1_98' title='bbox 1389 810 1491 860; x_wconf 82' lang='lat' dir='ltr'>belli</span> <span class='ocrx_word' id='word_1_99' title='bbox 1511 811 1671 864; x_wconf 83' lang='lat' dir='ltr'>fuerat3</span> 
     </span>
     <span class='ocr_line' id='line_1_13' title="bbox 117 866 1672 921; baseline 0.001 -13"><span class='ocrx_word' id='word_1_100' title='bbox 117 868 154 909; x_wconf 91' lang='lat' dir='ltr'>is</span> <span class='ocrx_word' id='word_1_101' title='bbox 185 870 275 908; x_wconf 89' lang='lat' dir='ltr'>tum</span> <span class='ocrx_word' id='word_1_102' title='bbox 307 867 352 907; x_wconf 91' lang='lat' dir='ltr'>in</span> <span class='ocrx_word' id='word_1_103' title='bbox 384 867 562 908; x_wconf 91' lang='lat' dir='ltr'>consilio</span> <span class='ocrx_word' id='word_1_104' title='bbox 590 866 747 908; x_wconf 82' lang='lat' dir='ltr'>aderat.</span> <span class='ocrx_word' id='word_1_105' title='bbox 798 867 1029 908; x_wconf 88' lang='lat' dir='ltr'>multorum</span> <span class='ocrx_word' id='word_1_106' title='bbox 1057 881 1105 908; x_wconf 93' lang='lat' dir='ltr'>eo</span> <span class='ocrx_word' id='word_1_107' title='bbox 1132 867 1397 909; x_wconf 81' lang='lat' dir='ltr'>inclinabant</span> <span class='ocrx_word' id='word_1_108' title='bbox 1423 870 1672 921; x_wconf 86' lang='lat' dir='ltr'>sententiae,</span> 
     </span>
     <span class='ocr_line' id='line_1_14' title="bbox 118 924 1671 980; baseline 0.001 -14"><span class='ocrx_word' id='word_1_109' title='bbox 118 928 184 979; x_wconf 92' lang='lat' dir='ltr'>ut,</span> <span class='ocrx_word' id='word_1_110' title='bbox 221 925 321 966; x_wconf 90' lang='lat' dir='ltr'>dum</span> <span class='ocrx_word' id='word_1_111' title='bbox 358 924 519 966; x_wconf 83' lang='lat' dir='ltr'>fessum</span> <span class='ocrx_word' id='word_1_112' title='bbox 557 925 627 966; x_wconf 86' lang='lat' dir='ltr'>via</span> <span class='ocrx_word' id='word_1_113' title='bbox 665 939 712 966; x_wconf 87' lang='lat' dir='ltr'>ac</span> <span class='ocrx_word' id='word_1_114' title='bbox 752 925 911 979; x_wconf 84' lang='lat' dir='ltr'>vigiliis</span> <span class='ocrx_word' id='word_1_115' title='bbox 944 925 1138 966; x_wconf 86' lang='lat' dir='ltr'>reficeret</span> <span class='ocrx_word' id='word_1_116' title='bbox 1170 926 1352 967; x_wconf 89' lang='lat' dir='ltr'>militem</span> <span class='ocrx_word' id='word_1_117' title='bbox 1383 926 1511 980; x_wconf 91' lang='lat' dir='ltr'>Nero,</span> <span class='ocrx_word' id='word_1_118' title='bbox 1546 927 1671 968; x_wconf 88' lang='lat' dir='ltr'>simul</span> 
     </span>
     <span class='ocr_line' id='line_1_15' title="bbox 119 983 1670 1040; baseline 0.002 -16"><span class='ocrx_word' id='word_1_119' title='bbox 119 986 162 1025; x_wconf 88' lang='lat' dir='ltr'>et</span> <span class='ocrx_word' id='word_1_120' title='bbox 199 984 252 1024; x_wconf 90' lang='lat' dir='ltr'>ad</span> <span class='ocrx_word' id='word_1_121' title='bbox 289 983 549 1025; x_wconf 87' lang='lat' dir='ltr'>noscendum</span> <span class='ocrx_word' id='word_1_122' title='bbox 587 983 756 1025; x_wconf 86' lang='lat' dir='ltr'>hostem</span> <span class='ocrx_word' id='word_1_123' title='bbox 795 997 955 1037; x_wconf 84' lang='lat' dir='ltr'>paucos</span> <span class='ocrx_word' id='word_1_124' title='bbox 995 984 1077 1024; x_wconf 87' lang='lat' dir='ltr'>sibi</span> <span class='ocrx_word' id='word_1_125' title='bbox 1123 987 1309 1026; x_wconf 85' lang='lat' dir='ltr'>sumeret</span> <span class='ocrx_word' id='word_1_126' title='bbox 1353 985 1460 1038; x_wconf 88' lang='lat' dir='ltr'>dies,</span> <span class='ocrx_word' id='word_1_127' title='bbox 1501 989 1670 1040; x_wconf 87' lang='lat' dir='ltr'>tempus</span> 
     </span>
     <span class='ocr_line' id='line_1_16' title="bbox 119 1041 1671 1099; baseline 0.001 -16"><span class='ocrx_word' id='word_1_128' title='bbox 119 1055 289 1097; x_wconf 83' lang='lat' dir='ltr'>pugnae</span> <span class='ocrx_word' id='word_1_129' title='bbox 328 1042 583 1095; x_wconf 80' lang='lat' dir='ltr'>differretur3</span> <span class='ocrx_word' id='word_1_130' title='bbox 622 1041 736 1083; x_wconf 91' lang='lat' dir='ltr'>Nero</span> <span class='ocrx_word' id='word_1_131' title='bbox 775 1056 862 1082; x_wconf 92' lang='lat' dir='ltr'>non</span> <span class='ocrx_word' id='word_1_132' title='bbox 896 1041 1070 1083; x_wconf 87' lang='lat' dir='ltr'>suadere</span> <span class='ocrx_word' id='word_1_133' title='bbox 1103 1043 1249 1095; x_wconf 86' lang='lat' dir='ltr'>modo,</span> <span class='ocrx_word' id='word_1_134' title='bbox 1287 1043 1360 1084; x_wconf 89' lang='lat' dir='ltr'>sed</span> <span class='ocrx_word' id='word_1_135' title='bbox 1393 1058 1559 1085; x_wconf 90' lang='lat' dir='ltr'>summa</span> <span class='ocrx_word' id='word_1_136' title='bbox 1592 1058 1671 1099; x_wconf 88' lang='lat' dir='ltr'>ope</span> 
     </span>
     <span class='ocr_line' id='line_1_17' title="bbox 123 1100 1673 1155; baseline 0.002 -14"><span class='ocrx_word' id='word_1_137' title='bbox 123 1114 244 1141; x_wconf 91' lang='lat' dir='ltr'>orare</span> <span class='ocrx_word' id='word_1_138' title='bbox 270 1101 440 1155; x_wconf 89' lang='lat' dir='ltr'>institit,</span> <span class='ocrx_word' id='word_1_139' title='bbox 464 1115 516 1141; x_wconf 89' lang='lat' dir='ltr'>ne</span> <span class='ocrx_word' id='word_1_140' title='bbox 544 1101 767 1142; x_wconf 88' lang='lat' dir='ltr'>consilium</span> <span class='ocrx_word' id='word_1_141' title='bbox 796 1114 931 1153; x_wconf 88' lang='lat' dir='ltr'>suum,</span> <span class='ocrx_word' id='word_1_142' title='bbox 963 1100 1075 1154; x_wconf 90' lang='lat' dir='ltr'>quod</span> <span class='ocrx_word' id='word_1_143' title='bbox 1101 1103 1242 1142; x_wconf 89' lang='lat' dir='ltr'>tutum</span> <span class='ocrx_word' id='word_1_144' title='bbox 1270 1102 1464 1143; x_wconf 86' lang='lat' dir='ltr'>celeritas</span> <span class='ocrx_word' id='word_1_145' title='bbox 1490 1103 1673 1155; x_wconf 86' lang='lat' dir='ltr'>fecisset,</span> 
     </span>
     <span class='ocr_line' id='line_1_18' title="bbox 121 1157 1670 1213; baseline 0.001 -13"><span class='ocrx_word' id='word_1_146' title='bbox 121 1157 396 1201; x_wconf 84' lang='lat' dir='ltr'>temerarium</span> <span class='ocrx_word' id='word_1_147' title='bbox 452 1159 659 1201; x_wconf 88' lang='lat' dir='ltr'>morando</span> <span class='ocrx_word' id='word_1_148' title='bbox 709 1159 914 1211; x_wconf 83' lang='lat' dir='ltr'>facerent3</span> <span class='ocrx_word' id='word_1_149' title='bbox 971 1173 1131 1209; x_wconf 89' lang='lat' dir='ltr'>errore,</span> <span class='ocrx_word' id='word_1_150' title='bbox 1188 1160 1259 1213; x_wconf 88' lang='lat' dir='ltr'>qui</span> <span class='ocrx_word' id='word_1_151' title='bbox 1308 1174 1395 1201; x_wconf 91' lang='lat' dir='ltr'>non</span> <span class='ocrx_word' id='word_1_152' title='bbox 1445 1161 1670 1202; x_wconf 87' lang='lat' dir='ltr'>diuturnus</span> 
     </span>
     <span class='ocr_line' id='line_1_19' title="bbox 118 1216 1672 1272; baseline 0.002 -14"><span class='ocrx_word' id='word_1_153' title='bbox 118 1216 291 1259; x_wconf 88' lang='lat' dir='ltr'>futurus</span> <span class='ocrx_word' id='word_1_154' title='bbox 324 1220 447 1272; x_wconf 83' lang='lat' dir='ltr'>esset,</span> <span class='ocrx_word' id='word_1_155' title='bbox 479 1219 596 1258; x_wconf 84' lang='lat' dir='ltr'>velut</span> <span class='ocrx_word' id='word_1_156' title='bbox 625 1220 867 1271; x_wconf 83' lang='lat' dir='ltr'>torpentem</span> <span class='ocrx_word' id='word_1_157' title='bbox 893 1216 1179 1258; x_wconf 88' lang='lat' dir='ltr'>Hannibalem</span> <span class='ocrx_word' id='word_1_158' title='bbox 1206 1232 1284 1259; x_wconf 89' lang='lat' dir='ltr'>nec</span> <span class='ocrx_word' id='word_1_159' title='bbox 1310 1221 1452 1260; x_wconf 87' lang='lat' dir='ltr'>castra</span> <span class='ocrx_word' id='word_1_160' title='bbox 1478 1234 1553 1261; x_wconf 88' lang='lat' dir='ltr'>sua</span> <span class='ocrx_word' id='word_1_161' title='bbox 1581 1220 1672 1261; x_wconf 88' lang='lat' dir='ltr'>sine</span> 
     </span>
     <span class='ocr_line' id='line_1_20' title="bbox 117 1275 1672 1330; baseline 0.002 -14"><span class='ocrx_word' id='word_1_162' title='bbox 117 1275 220 1317; x_wconf 88' lang='lat' dir='ltr'>duce</span> <span class='ocrx_word' id='word_1_163' title='bbox 268 1276 419 1317; x_wconf 88' lang='lat' dir='ltr'>relicta</span> <span class='ocrx_word' id='word_1_164' title='bbox 462 1276 654 1330; x_wconf 79' lang='lat' dir='ltr'>adgredi,</span> <span class='ocrx_word' id='word_1_165' title='bbox 697 1290 775 1317; x_wconf 90' lang='lat' dir='ltr'>nec</span> <span class='ocrx_word' id='word_1_166' title='bbox 820 1275 872 1316; x_wconf 88' lang='lat' dir='ltr'>ad</span> <span class='ocrx_word' id='word_1_167' title='bbox 918 1275 1177 1330; x_wconf 86' lang='lat' dir='ltr'>sequendum</span> <span class='ocrx_word' id='word_1_168' title='bbox 1222 1291 1266 1318; x_wconf 91' lang='lat' dir='ltr'>se</span> <span class='ocrx_word' id='word_1_169' title='bbox 1307 1277 1388 1318; x_wconf 88' lang='lat' dir='ltr'>iter</span> <span class='ocrx_word' id='word_1_170' title='bbox 1425 1278 1672 1320; x_wconf 86' lang='lat' dir='ltr'>intendisse.</span> 
     </span>
     <span class='ocr_line' id='line_1_21' title="bbox 121 1334 1671 1389; baseline 0.001 -14"><span class='ocrx_word' id='word_1_171' title='bbox 121 1337 348 1388; x_wconf 86' lang='lat' dir='ltr'>antequam</span> <span class='ocrx_word' id='word_1_172' title='bbox 383 1348 426 1375; x_wconf 90' lang='lat' dir='ltr'>se</span> <span class='ocrx_word' id='word_1_173' title='bbox 458 1337 641 1387; x_wconf 85' lang='lat' dir='ltr'>moveat,</span> <span class='ocrx_word' id='word_1_174' title='bbox 674 1334 803 1375; x_wconf 89' lang='lat' dir='ltr'>deleri</span> <span class='ocrx_word' id='word_1_175' title='bbox 837 1335 1067 1375; x_wconf 76' lang='lat' dir='ltr'>exercitum</span> <span class='ocrx_word' id='word_1_176' title='bbox 1094 1334 1377 1376; x_wconf 88' lang='lat' dir='ltr'>Hasdrubalis</span> <span class='ocrx_word' id='word_1_177' title='bbox 1410 1350 1536 1389; x_wconf 91' lang='lat' dir='ltr'>posse</span> <span class='ocrx_word' id='word_1_178' title='bbox 1563 1336 1671 1377; x_wconf 88' lang='lat' dir='ltr'>redi-</span> 
     </span>
     <span class='ocr_line' id='line_1_22' title="bbox 118 1392 1672 1448; baseline 0.002 -15"><span class='ocrx_word' id='word_1_179' title='bbox 118 1393 240 1447; x_wconf 89' lang='lat' dir='ltr'>rique</span> <span class='ocrx_word' id='word_1_180' title='bbox 272 1394 317 1433; x_wconf 91' lang='lat' dir='ltr'>in</span> <span class='ocrx_word' id='word_1_181' title='bbox 349 1392 562 1447; x_wconf 85' lang='lat' dir='ltr'>Apuliam.</span> <span class='ocrx_word' id='word_1_182' title='bbox 626 1393 698 1446; x_wconf 92' lang='lat' dir='ltr'>qui</span> <span class='ocrx_word' id='word_1_183' title='bbox 729 1393 984 1446; x_wconf 86' lang='lat' dir='ltr'>prolatando</span> <span class='ocrx_word' id='word_1_184' title='bbox 1018 1394 1204 1447; x_wconf 88' lang='lat' dir='ltr'>spatium</span> <span class='ocrx_word' id='word_1_185' title='bbox 1236 1393 1352 1434; x_wconf 90' lang='lat' dir='ltr'>hosti</span> <span class='ocrx_word' id='word_1_186' title='bbox 1383 1393 1470 1448; x_wconf 83' lang='lat' dir='ltr'>det,</span> <span class='ocrx_word' id='word_1_187' title='bbox 1502 1410 1598 1436; x_wconf 91' lang='lat' dir='ltr'>eum</span> <span class='ocrx_word' id='word_1_188' title='bbox 1632 1399 1672 1436; x_wconf 86' lang='lat' dir='ltr'>et</span> 
     </span>
     <span class='ocr_line' id='line_1_23' title="bbox 117 1450 1672 1507; baseline 0.003 -16"><span class='ocrx_word' id='word_1_189' title='bbox 117 1451 191 1492; x_wconf 89' lang='lat' dir='ltr'>illa</span> <span class='ocrx_word' id='word_1_190' title='bbox 231 1453 370 1492; x_wconf 87' lang='lat' dir='ltr'>castra</span> <span class='ocrx_word' id='word_1_191' title='bbox 408 1451 585 1504; x_wconf 90' lang='lat' dir='ltr'>prodere</span> <span class='ocrx_word' id='word_1_192' title='bbox 623 1450 860 1492; x_wconf 88' lang='lat' dir='ltr'>Hannibali</span> <span class='ocrx_word' id='word_1_193' title='bbox 900 1454 941 1491; x_wconf 90' lang='lat' dir='ltr'>et</span> <span class='ocrx_word' id='word_1_194' title='bbox 979 1451 1141 1505; x_wconf 89' lang='lat' dir='ltr'>aperire</span> <span class='ocrx_word' id='word_1_195' title='bbox 1178 1452 1222 1492; x_wconf 90' lang='lat' dir='ltr'>in</span> <span class='ocrx_word' id='word_1_196' title='bbox 1261 1451 1445 1493; x_wconf 85' lang='lat' dir='ltr'>Galliam</span> <span class='ocrx_word' id='word_1_197' title='bbox 1483 1453 1581 1507; x_wconf 87' lang='lat' dir='ltr'>iter,</span> <span class='ocrx_word' id='word_1_198' title='bbox 1625 1458 1672 1495; x_wconf 87' lang='lat' dir='ltr'>ut</span> 
     </span>
     <span class='ocr_line' id='line_1_24' title="bbox 118 1508 1671 1566; baseline 0.002 -16"><span class='ocrx_word' id='word_1_199' title='bbox 118 1523 195 1562; x_wconf 88' lang='lat' dir='ltr'>per</span> <span class='ocrx_word' id='word_1_200' title='bbox 222 1510 369 1562; x_wconf 88' lang='lat' dir='ltr'>otium,</span> <span class='ocrx_word' id='word_1_201' title='bbox 395 1509 468 1550; x_wconf 90' lang='lat' dir='ltr'>ubi</span> <span class='ocrx_word' id='word_1_202' title='bbox 494 1509 611 1562; x_wconf 87' lang='lat' dir='ltr'>velit,</span> <span class='ocrx_word' id='word_1_203' title='bbox 635 1508 901 1550; x_wconf 88' lang='lat' dir='ltr'>Hasdrubali</span> <span class='ocrx_word' id='word_1_204' title='bbox 928 1510 1223 1564; x_wconf 82' lang='lat' dir='ltr'>coniungatur.</span> <span class='ocrx_word' id='word_1_205' title='bbox 1262 1511 1474 1565; x_wconf 81' lang='lat' dir='ltr'>extemplo</span> <span class='ocrx_word' id='word_1_206' title='bbox 1501 1512 1671 1566; x_wconf 84' lang='lat' dir='ltr'>signum</span> 
     </span>
     <span class='ocr_line' id='line_1_25' title="bbox 116 1567 1671 1623; baseline 0.003 -15"><span class='ocrx_word' id='word_1_207' title='bbox 116 1567 299 1609; x_wconf 88' lang='lat' dir='ltr'>dandum</span> <span class='ocrx_word' id='word_1_208' title='bbox 339 1569 382 1608; x_wconf 88' lang='lat' dir='ltr'>et</span> <span class='ocrx_word' id='word_1_209' title='bbox 419 1567 655 1609; x_wconf 85' lang='lat' dir='ltr'>exeundum</span> <span class='ocrx_word' id='word_1_210' title='bbox 688 1568 729 1608; x_wconf 89' lang='lat' dir='ltr'>in</span> <span class='ocrx_word' id='word_1_211' title='bbox 765 1568 898 1609; x_wconf 87' lang='lat' dir='ltr'>aciem</span> <span class='ocrx_word' id='word_1_212' title='bbox 932 1568 1275 1623; x_wconf 89' lang='lat' dir='ltr'>abutendumque</span> <span class='ocrx_word' id='word_1_213' title='bbox 1308 1583 1448 1610; x_wconf 88' lang='lat' dir='ltr'>errore</span> <span class='ocrx_word' id='word_1_214' title='bbox 1481 1570 1671 1612; x_wconf 88' lang='lat' dir='ltr'>hostium</span> 
     </span>
     <span class='ocr_line' id='line_1_26' title="bbox 117 1626 1670 1683; baseline 0.003 -16"><span class='ocrx_word' id='word_1_215' title='bbox 117 1626 359 1667; x_wconf 85' lang='lat' dir='ltr'>absentium</span> <span class='ocrx_word' id='word_1_216' title='bbox 398 1626 788 1680; x_wconf 85' lang='lat' dir='ltr'>praesentiumque,</span> <span class='ocrx_word' id='word_1_217' title='bbox 828 1626 926 1666; x_wconf 91' lang='lat' dir='ltr'>dum</span> <span class='ocrx_word' id='word_1_218' title='bbox 964 1640 1100 1681; x_wconf 90' lang='lat' dir='ltr'>neque</span> <span class='ocrx_word' id='word_1_219' title='bbox 1134 1627 1198 1668; x_wconf 92' lang='lat' dir='ltr'>illi</span> <span class='ocrx_word' id='word_1_220' title='bbox 1231 1627 1369 1669; x_wconf 87' lang='lat' dir='ltr'>sciant</span> <span class='ocrx_word' id='word_1_221' title='bbox 1400 1643 1495 1670; x_wconf 90' lang='lat' dir='ltr'>cum</span> <span class='ocrx_word' id='word_1_222' title='bbox 1527 1630 1670 1683; x_wconf 85' lang='lat' dir='ltr'>pauci-</span> 
     </span>
     <span class='ocr_line' id='line_1_27' title="bbox 118 1684 1665 1739; baseline 0.003 -14"><span class='ocrx_word' id='word_1_223' title='bbox 118 1684 262 1726; x_wconf 88' lang='lat' dir='ltr'>oribus</span> <span class='ocrx_word' id='word_1_224' title='bbox 288 1698 367 1725; x_wconf 90' lang='lat' dir='ltr'>nec</span> <span class='ocrx_word' id='word_1_225' title='bbox 397 1685 443 1726; x_wconf 92' lang='lat' dir='ltr'>hi</span> <span class='ocrx_word' id='word_1_226' title='bbox 476 1700 570 1726; x_wconf 87' lang='lat' dir='ltr'>cum</span> <span class='ocrx_word' id='word_1_227' title='bbox 602 1685 797 1739; x_wconf 89' lang='lat' dir='ltr'>pluribus</span> <span class='ocrx_word' id='word_1_228' title='bbox 831 1686 872 1725; x_wconf 89' lang='lat' dir='ltr'>et</span> <span class='ocrx_word' id='word_1_229' title='bbox 904 1684 1184 1727; x_wconf 82' lang='lat' dir='ltr'>validioribus</span> <span class='ocrx_word' id='word_1_230' title='bbox 1215 1700 1306 1727; x_wconf 90' lang='lat' dir='ltr'>rem</span> <span class='ocrx_word' id='word_1_231' title='bbox 1339 1700 1441 1728; x_wconf 88' lang='lat' dir='ltr'>esse.</span> <span class='ocrx_word' id='word_1_232' title='bbox 1486 1688 1665 1729; x_wconf 89' lang='lat' dir='ltr'>consilio</span> 
     </span>
    </p>
   </div>
   <div class='ocr_carea' id='block_1_4' title="bbox 925 1788 1669 1929">
    <p class='ocr_par' dir='ltr' id='par_1_4' title="bbox 925 1788 1669 1929">
     <span class='ocr_line' id='line_1_28' title="bbox 925 1788 1666 1833; baseline 0.004 -11"><span class='ocrx_word' id='word_1_233' title='bbox 925 1789 1048 1823; x_wconf 88' lang='lat' dir='ltr'>ration</span> <span class='ocrx_word' id='word_1_234' title='bbox 1099 1801 1142 1822; x_wconf 89' lang='lat' dir='ltr'>zu</span> <span class='ocrx_word' id='word_1_235' title='bbox 1192 1788 1306 1824; x_wconf 90' lang='lat' dir='ltr'>Liebe</span> <span class='ocrx_word' id='word_1_236' title='bbox 1355 1790 1586 1833; x_wconf 69' lang='lat' dir='ltr'>verbunden,</span> <span class='ocrx_word' id='word_1_237' title='bbox 1638 1802 1666 1825; x_wconf 90' lang='lat' dir='ltr'>c.</span> 
     </span>
     <span class='ocr_line' id='line_1_29' title="bbox 927 1836 1667 1882; baseline 0.005 -13"><span class='ocrx_word' id='word_1_238' title='bbox 927 1838 986 1876; x_wconf 88' lang='lat'>48,</span> <span class='ocrx_word' id='word_1_239' title='bbox 1011 1840 1061 1870; x_wconf 80' lang='lat'>16.</span> <span class='ocrx_word' id='word_1_240' title='bbox 1089 1836 1257 1881; x_wconf 88' lang='lat' dir='ltr'>dagegen</span> <span class='ocrx_word' id='word_1_241' title='bbox 1289 1837 1416 1871; x_wconf 79' lang='lat' dir='ltr'>itinere</span> <span class='ocrx_word' id='word_1_242' title='bbox 1448 1848 1491 1871; x_wconf 86' lang='lat' dir='ltr'>ac</span> <span class='ocrx_word' id='word_1_243' title='bbox 1521 1839 1667 1882; x_wconf 56' lang='lat' dir='ltr'>mythis</span> 
     </span>
     <span class='ocr_line' id='line_1_30' title="bbox 973 1883 1669 1929; baseline 0.007 -14"><span class='ocrx_word' id='word_1_244' title='bbox 973 1885 1004 1917; x_wconf 85' lang='grc'>8.</span> <span class='ocrx_word' id='word_1_245' title='bbox 1043 1893 1182 1917; x_wconf 80' lang='lat' dir='ltr'>summa</span> <span class='ocrx_word' id='word_1_246' title='bbox 1213 1883 1291 1928; x_wconf 79' lang='lat' dir='ltr'>ope]</span> <span class='ocrx_word' id='word_1_247' title='bbox 1325 1885 1416 1918; x_wconf 87' lang='lat' dir='ltr'>statt</span> <span class='ocrx_word' id='word_1_248' title='bbox 1440 1894 1669 1929; x_wconf 77' lang='lat' dir='ltr'>summopere,</span> 
     </span>
    </p>
   </div>
   <div class='ocr_carea' id='block_1_5' title="bbox 110 1787 853 1926">
    <p class='ocr_par' dir='ltr' id='par_1_5' title="bbox 110 1787 853 1926">
     <span class='ocr_line' id='line_1_31' title="bbox 113 1787 853 1833; baseline 0 -11"><span class='ocrx_word' id='word_1_249' title='bbox 113 1788 359 1833; x_wconf 69' lang='lat' dir='ltr'>ttichtigkeit3</span> <span class='ocrx_word' id='word_1_250' title='bbox 399 1788 525 1823; x_wconf 85' lang='lat' dir='ltr'>beides</span> <span class='ocrx_word' id='word_1_251' title='bbox 563 1788 672 1823; x_wconf 84' lang='lat' dir='ltr'>meist</span> <span class='ocrx_word' id='word_1_252' title='bbox 708 1787 777 1822; x_wconf 89' lang='lat' dir='ltr'>mit</span> <span class='ocrx_word' id='word_1_253' title='bbox 811 1798 853 1822; x_wconf 84' lang='lat' dir='ltr'>ae</span> 
     </span>
     <span class='ocr_line' id='line_1_32' title="bbox 111 1834 851 1877; baseline -0.001 -8"><span class='ocrx_word' id='word_1_254' title='bbox 111 1835 336 1870; x_wconf 82' lang='lat' dir='ltr'>verbunden.</span> <span class='ocrx_word' id='word_1_255' title='bbox 393 1834 452 1876; x_wconf 89' lang='grc'>21,</span> <span class='ocrx_word' id='word_1_256' title='bbox 493 1839 524 1877; x_wconf 98' lang='grc'>1,</span> <span class='ocrx_word' id='word_1_257' title='bbox 557 1839 588 1869; x_wconf 81' lang='grc'>2.</span> <span class='ocrx_word' id='word_1_258' title='bbox 633 1834 694 1876; x_wconf 88' lang='lat'>21,</span> <span class='ocrx_word' id='word_1_259' title='bbox 731 1839 787 1877; x_wconf 87' lang='lat'>40,</span> <span class='ocrx_word' id='word_1_260' title='bbox 820 1838 851 1869; x_wconf 89' lang='lat'>8.</span> 
     </span>
     <span class='ocr_line' id='line_1_33' title="bbox 110 1881 853 1926; baseline 0 -11"><span class='ocrx_word' id='word_1_261' title='bbox 110 1881 232 1916; x_wconf 87' lang='lat' dir='ltr'>ferner</span> <span class='ocrx_word' id='word_1_262' title='bbox 264 1882 323 1925; x_wconf 86' lang='lat'>28,</span> <span class='ocrx_word' id='word_1_263' title='bbox 350 1883 413 1926; x_wconf 81' lang='lat'>35,</span> <span class='ocrx_word' id='word_1_264' title='bbox 440 1886 471 1916; x_wconf 80' lang='lat'>7.</span> <span class='ocrx_word' id='word_1_265' title='bbox 504 1884 545 1916; x_wconf 72' lang='lat' dir='ltr'>in</span> <span class='ocrx_word' id='word_1_266' title='bbox 576 1883 689 1916; x_wconf 74' lang='lat' dir='ltr'>medio</span> <span class='ocrx_word' id='word_1_267' title='bbox 719 1882 853 1916; x_wconf 73' lang='lat' dir='ltr'>virium</span> 
     </span>
    </p>
   </div>
   <div class='ocr_carea' id='block_1_6' title="bbox 106 1929 854 2909">
    <p class='ocr_par' dir='ltr' id='par_1_6' title="bbox 110 1929 245 1964">
     <span class='ocr_line' id='line_1_34' title="bbox 110 1929 245 1964; baseline 0 -1"><span class='ocrx_word' id='word_1_268' title='bbox 110 1929 245 1964; x_wconf 85' lang='lat' dir='ltr'>robore.</span> 
     </span>
    </p>

    <p class='ocr_par' dir='ltr' id='par_1_7' title="bbox 110 1976 854 2105">
     <span class='ocr_line' id='line_1_35' title="bbox 159 1976 853 2010; baseline -0.001 0"><span class='ocrx_word' id='word_1_269' title='bbox 159 1980 190 2010; x_wconf 88' lang='lat'>5.</span> <span class='ocrx_word' id='word_1_270' title='bbox 247 1987 327 2010; x_wconf 80' lang='lat' dir='ltr'>cum</span> <span class='ocrx_word' id='word_1_271' title='bbox 381 1987 520 2010; x_wconf 79' lang='lat' dir='ltr'>summa</span> <span class='ocrx_word' id='word_1_272' title='bbox 575 1976 734 2010; x_wconf 83' lang='lat' dir='ltr'>omnium</span> <span class='ocrx_word' id='word_1_273' title='bbox 783 1976 853 2010; x_wconf 84' lang='lat' dir='ltr'>lae-</span> 
     </span>
     <span class='ocr_line' id='line_1_36' title="bbox 110 2021 854 2068; baseline 0 -12"><span class='ocrx_word' id='word_1_274' title='bbox 110 2022 210 2068; x_wconf 68' lang='lat' dir='ltr'>titia]</span> <span class='ocrx_word' id='word_1_275' title='bbox 257 2024 388 2065; x_wconf 86' lang='lat' dir='ltr'>„unter</span> <span class='ocrx_word' id='word_1_276' title='bbox 431 2021 572 2068; x_wconf 85' lang='lat' dir='ltr'>grosser</span> <span class='ocrx_word' id='word_1_277' title='bbox 614 2021 854 2067; x_wconf 86' lang='lat' dir='ltr'>allgemeiner</span> 
     </span>
     <span class='ocr_line' id='line_1_37' title="bbox 111 2068 287 2105; baseline 0.023 -4"><span class='ocrx_word' id='word_1_278' title='bbox 111 2068 287 2105; x_wconf 87' lang='lat' dir='ltr'>Freude“.</span> 
     </span>
    </p>

    <p class='ocr_par' dir='ltr' id='par_1_8' title="bbox 106 2115 852 2346">
     <span class='ocr_line' id='line_1_38' title="bbox 159 2115 852 2161; baseline -0.001 -11"><span class='ocrx_word' id='word_1_279' title='bbox 159 2120 189 2150; x_wconf 83' lang='lat'>6.</span> <span class='ocrx_word' id='word_1_280' title='bbox 229 2119 389 2161; x_wconf 77' lang='lat' dir='ltr'>carperet</span> <span class='ocrx_word' id='word_1_281' title='bbox 432 2117 572 2160; x_wconf 73' lang='lat' dir='ltr'>aymen]</span> <span class='ocrx_word' id='word_1_282' title='bbox 622 2115 712 2158; x_wconf 87' lang='lat' dir='ltr'>„das</span> <span class='ocrx_word' id='word_1_283' title='bbox 755 2116 852 2150; x_wconf 84' lang='lat' dir='ltr'>Heer</span> 
     </span>
     <span class='ocr_line' id='line_1_39' title="bbox 110 2162 850 2204; baseline 0 -8"><span class='ocrx_word' id='word_1_284' title='bbox 110 2162 286 2204; x_wconf 86' lang='lat' dir='ltr'>neckte“;</span> <span class='ocrx_word' id='word_1_285' title='bbox 320 2163 476 2198; x_wconf 84' lang='lat' dir='ltr'>stehend</span> <span class='ocrx_word' id='word_1_286' title='bbox 503 2163 562 2197; x_wconf 73' lang='lat' dir='ltr'>fiir</span> <span class='ocrx_word' id='word_1_287' title='bbox 586 2162 761 2197; x_wconf 70' lang='lat' dir='ltr'>wahrend</span> <span class='ocrx_word' id='word_1_288' title='bbox 787 2162 850 2196; x_wconf 86' lang='lat' dir='ltr'>des</span> 
     </span>
     <span class='ocr_line' id='line_1_40' title="bbox 110 2208 852 2253; baseline 0 -10"><span class='ocrx_word' id='word_1_289' title='bbox 110 2209 297 2244; x_wconf 83' lang='lat' dir='ltr'>Marsches</span> <span class='ocrx_word' id='word_1_290' title='bbox 336 2209 597 2244; x_wconf 85' lang='lat' dir='ltr'>stattfindende</span> <span class='ocrx_word' id='word_1_291' title='bbox 630 2208 852 2253; x_wconf 68' lang='lat' dir='ltr'>Plankelge-</span> 
     </span>
     <span class='ocr_line' id='line_1_41' title="bbox 110 2255 852 2300; baseline 0.001 -11"><span class='ocrx_word' id='word_1_292' title='bbox 110 2255 242 2291; x_wconf 83' lang='lat' dir='ltr'>fechte.</span> <span class='ocrx_word' id='word_1_293' title='bbox 270 2267 299 2292; x_wconf 88' lang='lat' dir='ltr'>c.</span> <span class='ocrx_word' id='word_1_294' title='bbox 320 2261 376 2300; x_wconf 85' lang='lat'>48,</span> <span class='ocrx_word' id='word_1_295' title='bbox 401 2260 433 2291; x_wconf 78' lang='lat'>2.</span> <span class='ocrx_word' id='word_1_296' title='bbox 460 2257 592 2300; x_wconf 78' lang='lat' dir='ltr'>fessum</span> <span class='ocrx_word' id='word_1_297' title='bbox 617 2267 744 2300; x_wconf 70' lang='lat' dir='ltr'>aymen</span> <span class='ocrx_word' id='word_1_298' title='bbox 774 2267 852 2290; x_wconf 80' lang='lat' dir='ltr'>car-</span> 
     </span>
     <span class='ocr_line' id='line_1_42' title="bbox 106 2306 241 2346; baseline 0.007 -10"><span class='ocrx_word' id='word_1_299' title='bbox 106 2306 241 2346; x_wconf 76' lang='lat' dir='ltr'>perent.</span> 
     </span>
    </p>

    <p class='ocr_par' dir='ltr' id='par_1_9' title="bbox 110 2349 851 2578">
     <span class='ocr_line' id='line_1_43' title="bbox 158 2349 851 2396; baseline 0.001 -13"><span class='ocrx_word' id='word_1_300' title='bbox 158 2349 366 2392; x_wconf 73' lang='lat' dir='ltr'>ludificatus</span> <span class='ocrx_word' id='word_1_301' title='bbox 378 2350 525 2396; x_wconf 81' lang='lat' dir='ltr'>hostem]</span> <span class='ocrx_word' id='word_1_302' title='bbox 541 2350 611 2394; x_wconf 86' lang='lat' dir='ltr'>eig.</span> <span class='ocrx_word' id='word_1_303' title='bbox 624 2361 704 2384; x_wconf 87' lang='lat' dir='ltr'>zum</span> <span class='ocrx_word' id='word_1_304' title='bbox 723 2350 851 2384; x_wconf 87' lang='lat' dir='ltr'>besten</span> 
     </span>
     <span class='ocr_line' id='line_1_44' title="bbox 110 2395 851 2437; baseline 0.001 -8"><span class='ocrx_word' id='word_1_305' title='bbox 110 2395 261 2437; x_wconf 67' lang='lat' dir='ltr'>halben,</span> <span class='ocrx_word' id='word_1_306' title='bbox 313 2396 411 2431; x_wconf 92' lang='lat' dir='ltr'>dann</span> <span class='ocrx_word' id='word_1_307' title='bbox 455 2398 525 2432; x_wconf 88' lang='lat' dir='ltr'>wie</span> <span class='ocrx_word' id='word_1_308' title='bbox 569 2397 708 2432; x_wconf 80' lang='lat' dir='ltr'>eludere</span> <span class='ocrx_word' id='word_1_309' title='bbox 750 2397 851 2431; x_wconf 88' lang='lat' dir='ltr'>‘tech-</span> 
     </span>
     <span class='ocr_line' id='line_1_45' title="bbox 111 2442 851 2478; baseline 0.003 -2"><span class='ocrx_word' id='word_1_310' title='bbox 111 2442 258 2477; x_wconf 86' lang='lat' dir='ltr'>niseher</span> <span class='ocrx_word' id='word_1_311' title='bbox 293 2443 484 2477; x_wconf 87' lang='lat' dir='ltr'>Ausdruck</span> <span class='ocrx_word' id='word_1_312' title='bbox 518 2443 576 2478; x_wconf 71' lang='lat' dir='ltr'>fiir</span> <span class='ocrx_word' id='word_1_313' title='bbox 607 2444 851 2478; x_wconf 88' lang='lat' dir='ltr'>Ausweichen</span> 
     </span>
     <span class='ocr_line' id='line_1_46' title="bbox 110 2488 848 2535; baseline 0 -11"><span class='ocrx_word' id='word_1_314' title='bbox 110 2489 228 2524; x_wconf 86' lang='lat' dir='ltr'>einem</span> <span class='ocrx_word' id='word_1_315' title='bbox 244 2488 392 2534; x_wconf 87' lang='lat' dir='ltr'>Angriff</span> <span class='ocrx_word' id='word_1_316' title='bbox 403 2490 624 2534; x_wconf 68' lang='lat' dir='ltr'>gegeni&#39;iber.</span> <span class='ocrx_word' id='word_1_317' title='bbox 657 2489 732 2535; x_wconf 83' lang='lat' dir='ltr'>vgl.</span> <span class='ocrx_word' id='word_1_318' title='bbox 748 2501 776 2525; x_wconf 84' lang='lat' dir='ltr'>c.</span> <span class='ocrx_word' id='word_1_319' title='bbox 792 2494 848 2532; x_wconf 88' lang='lat'>44,</span> 
     </span>
     <span class='ocr_line' id='line_1_47' title="bbox 111 2536 401 2578; baseline 0 -8"><span class='ocrx_word' id='word_1_320' title='bbox 111 2539 144 2570; x_wconf 88' lang='lat'>9.</span> <span class='ocrx_word' id='word_1_321' title='bbox 183 2536 242 2578; x_wconf 90' lang='lat'>22,</span> <span class='ocrx_word' id='word_1_322' title='bbox 269 2540 324 2578; x_wconf 87' lang='lat'>39,</span> <span class='ocrx_word' id='word_1_323' title='bbox 349 2540 401 2571; x_wconf 84' lang='grc'>17.</span> 
     </span>
    </p>

    <p class='ocr_par' dir='ltr' id='par_1_10' title="bbox 108 2583 849 2858">
     <span class='ocr_line' id='line_1_48' title="bbox 155 2583 849 2628; baseline 0.003 -12"><span class='ocrx_word' id='word_1_324' title='bbox 155 2583 197 2617; x_wconf 78' lang='lat' dir='ltr'>in</span> <span class='ocrx_word' id='word_1_325' title='bbox 223 2584 371 2618; x_wconf 73' lang='lat' dir='ltr'>consilio</span> <span class='ocrx_word' id='word_1_326' title='bbox 398 2583 539 2628; x_wconf 83' lang='lat' dir='ltr'>aderat]</span> <span class='ocrx_word' id='word_1_327' title='bbox 567 2583 663 2617; x_wconf 87' lang='lat' dir='ltr'>nach</span> <span class='ocrx_word' id='word_1_328' title='bbox 687 2594 757 2618; x_wconf 85' lang='lat' dir='ltr'>esse</span> <span class='ocrx_word' id='word_1_329' title='bbox 783 2584 849 2618; x_wconf 78' lang='lat' dir='ltr'>ali·</span> 
     </span>
     <span class='ocr_line' id='line_1_49' title="bbox 110 2629 848 2675; baseline 0.001 -12"><span class='ocrx_word' id='word_1_330' title='bbox 110 2629 170 2663; x_wconf 78' lang='lat' dir='ltr'>cui</span> <span class='ocrx_word' id='word_1_331' title='bbox 188 2629 230 2663; x_wconf 84' lang='lat' dir='ltr'>in</span> <span class='ocrx_word' id='word_1_332' title='bbox 248 2631 397 2665; x_wconf 80' lang='lat' dir='ltr'>consilio</span> <span class='ocrx_word' id='word_1_333' title='bbox 423 2630 482 2673; x_wconf 85' lang='grc'>26,</span> <span class='ocrx_word' id='word_1_334' title='bbox 497 2633 552 2673; x_wconf 88' lang='lat'>33,</span> <span class='ocrx_word' id='word_1_335' title='bbox 569 2633 599 2663; x_wconf 82' lang='lat'>7.</span> <span class='ocrx_word' id='word_1_336' title='bbox 622 2646 664 2658; x_wconf 90' lang='lat'>=</span> <span class='ocrx_word' id='word_1_337' title='bbox 686 2630 848 2675; x_wconf 83' lang='lat' dir='ltr'>„jeman-</span> 
     </span>
     <span class='ocr_line' id='line_1_50' title="bbox 111 2674 849 2720; baseline 0.003 -11"><span class='ocrx_word' id='word_1_338' title='bbox 111 2676 175 2710; x_wconf 91' lang='lat' dir='ltr'>des</span> <span class='ocrx_word' id='word_1_339' title='bbox 199 2674 374 2711; x_wconf 87' lang='lat' dir='ltr'>Beisitzer</span> <span class='ocrx_word' id='word_1_340' title='bbox 405 2677 505 2711; x_wconf 84' lang='lat' dir='ltr'>sein“</span> <span class='ocrx_word' id='word_1_341' title='bbox 532 2676 712 2720; x_wconf 78' lang='lat' dir='ltr'>gebildet3</span> <span class='ocrx_word' id='word_1_342' title='bbox 747 2678 849 2711; x_wconf 81' lang='lat' dir='ltr'>sonst</span> 
     </span>
     <span class='ocr_line' id='line_1_51' title="bbox 109 2722 849 2758; baseline 0.001 -2"><span class='ocrx_word' id='word_1_343' title='bbox 109 2722 177 2756; x_wconf 86' lang='lat' dir='ltr'>hat</span> <span class='ocrx_word' id='word_1_344' title='bbox 213 2723 333 2757; x_wconf 82' lang='lat' dir='ltr'>adesse</span> <span class='ocrx_word' id='word_1_345' title='bbox 370 2723 465 2758; x_wconf 87' lang='lat' dir='ltr'>ohne</span> <span class='ocrx_word' id='word_1_346' title='bbox 502 2723 746 2758; x_wconf 79' lang='lat' dir='ltr'>Unterschied</span> <span class='ocrx_word' id='word_1_347' title='bbox 784 2722 849 2757; x_wconf 89' lang='lat' dir='ltr'>der</span> 
     </span>
     <span class='ocr_line' id='line_1_52' title="bbox 108 2768 846 2815; baseline 0 -12"><span class='ocrx_word' id='word_1_348' title='bbox 108 2768 329 2814; x_wconf 87' lang='lat' dir='ltr'>Bedeutung</span> <span class='ocrx_word' id='word_1_349' title='bbox 347 2769 408 2804; x_wconf 89' lang='lat' dir='ltr'>bei</span> <span class='ocrx_word' id='word_1_350' title='bbox 427 2770 505 2805; x_wconf 86' lang='lat' dir='ltr'>Liv.</span> <span class='ocrx_word' id='word_1_351' title='bbox 526 2770 596 2804; x_wconf 85' lang='lat' dir='ltr'>den</span> <span class='ocrx_word' id='word_1_352' title='bbox 616 2770 739 2805; x_wconf 83' lang='lat' dir='ltr'>Dativ.</span> <span class='ocrx_word' id='word_1_353' title='bbox 772 2770 846 2815; x_wconf 85' lang='lat' dir='ltr'>vgl.</span> 
     </span>
     <span class='ocr_line' id='line_1_53' title="bbox 109 2814 632 2858; baseline 0.002 -8"><span class='ocrx_word' id='word_1_354' title='bbox 109 2814 171 2858; x_wconf 82' lang='lat'>40,</span> <span class='ocrx_word' id='word_1_355' title='bbox 191 2819 247 2857; x_wconf 83' lang='lat'>21,</span> <span class='ocrx_word' id='word_1_356' title='bbox 270 2820 300 2850; x_wconf 85' lang='lat'>7.</span> <span class='ocrx_word' id='word_1_357' title='bbox 327 2817 448 2851; x_wconf 81' lang='lat' dir='ltr'>adesse</span> <span class='ocrx_word' id='word_1_358' title='bbox 472 2818 632 2852; x_wconf 75' lang='lat' dir='ltr'>consilio.</span> 
     </span>
    </p>

    <p class='ocr_par' dir='ltr' id='par_1_11' title="bbox 161 2863 845 2909">
     <span class='ocr_line' id='line_1_54' title="bbox 161 2863 845 2909; baseline 0.001 -12"><span class='ocrx_word' id='word_1_359' title='bbox 161 2866 190 2898; x_wconf 82' lang='lat'>7.</span> <span class='ocrx_word' id='word_1_360' title='bbox 228 2863 289 2898; x_wconf 72' lang='lat' dir='ltr'>via</span> <span class='ocrx_word' id='word_1_361' title='bbox 327 2874 369 2898; x_wconf 85' lang='lat' dir='ltr'>ac</span> <span class='ocrx_word' id='word_1_362' title='bbox 405 2864 557 2909; x_wconf 71' lang='lat' dir='ltr'>viqiliz&#39;s]</span> <span class='ocrx_word' id='word_1_363' title='bbox 595 2865 660 2899; x_wconf 88' lang='lat' dir='ltr'>der</span> <span class='ocrx_word' id='word_1_364' title='bbox 697 2864 845 2899; x_wconf 89' lang='lat' dir='ltr'>Allitte-</span> 
     </span>
    </p>
   </div>
   <div class='ocr_carea' id='block_1_7' title="bbox 918 1929 1669 2906">
    <p class='ocr_par' dir='ltr' id='par_1_12' title="bbox 925 1929 1599 1976">
     <span class='ocr_line' id='line_1_55' title="bbox 925 1929 1599 1976; baseline 0.004 -14"><span class='ocrx_word' id='word_1_365' title='bbox 925 1939 1138 1973; x_wconf 62' lang='lat' dir='ltr'>magnopere</span> <span class='ocrx_word' id='word_1_366' title='bbox 1164 1929 1223 1964; x_wconf 86' lang='lat' dir='ltr'>bei</span> <span class='ocrx_word' id='word_1_367' title='bbox 1248 1930 1327 1964; x_wconf 89' lang='lat' dir='ltr'>Liv.</span> <span class='ocrx_word' id='word_1_368' title='bbox 1355 1930 1439 1964; x_wconf 87' lang='lat' dir='ltr'>sehr</span> <span class='ocrx_word' id='word_1_369' title='bbox 1463 1931 1599 1976; x_wconf 71' lang='lat' dir='ltr'>haufig.</span> 
     </span>
    </p>

    <p class='ocr_par' dir='ltr' id='par_1_13' title="bbox 924 1977 1669 2199">
     <span class='ocr_line' id='line_1_56' title="bbox 974 1977 1669 2021; baseline 0.004 -11"><span class='ocrx_word' id='word_1_370' title='bbox 974 1979 1004 2010; x_wconf 88' lang='lat'>9.</span> <span class='ocrx_word' id='word_1_371' title='bbox 1049 1977 1144 2010; x_wconf 79' lang='lat' dir='ltr'>velut</span> <span class='ocrx_word' id='word_1_372' title='bbox 1181 1978 1390 2021; x_wconf 75' lang='lat' dir='ltr'>torpentem]</span> <span class='ocrx_word' id='word_1_373' title='bbox 1434 1977 1669 2021; x_wconf 85' lang='lat' dir='ltr'>„gleichsam</span> 
     </span>
     <span class='ocr_line' id='line_1_57' title="bbox 926 2022 1667 2068; baseline 0.004 -13"><span class='ocrx_word' id='word_1_374' title='bbox 926 2022 1131 2066; x_wconf 65' lang='lat' dir='ltr'>gelahmt“;</span> <span class='ocrx_word' id='word_1_375' title='bbox 1164 2023 1289 2068; x_wconf 68' lang='lat' dir='ltr'>haufig</span> <span class='ocrx_word' id='word_1_376' title='bbox 1325 2035 1397 2058; x_wconf 87' lang='lat' dir='ltr'>von</span> <span class='ocrx_word' id='word_1_377' title='bbox 1429 2026 1564 2059; x_wconf 83' lang='lat' dir='ltr'>starrer</span> <span class='ocrx_word' id='word_1_378' title='bbox 1594 2025 1667 2059; x_wconf 85' lang='lat' dir='ltr'>Un-</span> 
     </span>
     <span class='ocr_line' id='line_1_58' title="bbox 926 2068 1669 2115; baseline 0.004 -12"><span class='ocrx_word' id='word_1_379' title='bbox 926 2068 1217 2114; x_wconf 86' lang='lat' dir='ltr'>beweglichkeit</span> <span class='ocrx_word' id='word_1_380' title='bbox 1251 2070 1390 2115; x_wconf 82' lang='lat' dir='ltr'>infolge</span> <span class='ocrx_word' id='word_1_381' title='bbox 1427 2082 1499 2105; x_wconf 87' lang='lat' dir='ltr'>von</span> <span class='ocrx_word' id='word_1_382' title='bbox 1531 2072 1669 2106; x_wconf 87' lang='lat' dir='ltr'>Furcht</span> 
     </span>
     <span class='ocr_line' id='line_1_59' title="bbox 926 2115 1669 2163; baseline 0.004 -13"><span class='ocrx_word' id='word_1_383' title='bbox 926 2115 1013 2150; x_wconf 89' lang='lat' dir='ltr'>oder</span> <span class='ocrx_word' id='word_1_384' title='bbox 1029 2116 1188 2151; x_wconf 86' lang='lat' dir='ltr'>Schreck</span> <span class='ocrx_word' id='word_1_385' title='bbox 1198 2131 1205 2159; x_wconf 82' lang='lat'>3</span> <span class='ocrx_word' id='word_1_386' title='bbox 1216 2116 1353 2161; x_wconf 86' lang='lat' dir='ltr'>jedoch</span> <span class='ocrx_word' id='word_1_387' title='bbox 1367 2128 1463 2152; x_wconf 83' lang='lat' dir='ltr'>erro</span> <span class='ocrx_word' id='word_1_388' title='bbox 1473 2129 1516 2153; x_wconf 89' lang='lat' dir='ltr'>re</span> <span class='ocrx_word' id='word_1_389' title='bbox 1531 2122 1669 2163; x_wconf 74' lang='lat' dir='ltr'>torpere</span> 
     </span>
     <span class='ocr_line' id='line_1_60' title="bbox 924 2162 1568 2199; baseline 0.005 -3"><span class='ocrx_word' id='word_1_390' title='bbox 924 2162 1046 2198; x_wconf 80' lang='lat' dir='ltr'>diirfte</span> <span class='ocrx_word' id='word_1_391' title='bbox 1073 2163 1151 2198; x_wconf 82' lang='lat' dir='ltr'>sich</span> <span class='ocrx_word' id='word_1_392' title='bbox 1177 2166 1280 2198; x_wconf 88' lang='lat' dir='ltr'>sonst</span> <span class='ocrx_word' id='word_1_393' title='bbox 1304 2164 1410 2199; x_wconf 87' lang='lat' dir='ltr'>nicht</span> <span class='ocrx_word' id='word_1_394' title='bbox 1434 2165 1568 2199; x_wconf 88' lang='lat' dir='ltr'>finden.</span> 
     </span>
    </p>

    <p class='ocr_par' dir='ltr' id='par_1_14' title="bbox 924 2211 1668 2349">
     <span class='ocr_line' id='line_1_61' title="bbox 975 2211 1667 2256; baseline 0.004 -13"><span class='ocrx_word' id='word_1_395' title='bbox 975 2213 1027 2244; x_wconf 92' lang='lat'>10.</span> <span class='ocrx_word' id='word_1_396' title='bbox 1063 2211 1301 2256; x_wconf 75' lang='lat' dir='ltr'>prolatando]</span> <span class='ocrx_word' id='word_1_397' title='bbox 1371 2211 1511 2254; x_wconf 84' lang='lat' dir='ltr'>„durch</span> <span class='ocrx_word' id='word_1_398' title='bbox 1578 2211 1667 2246; x_wconf 82' lang='lat' dir='ltr'>Auf-</span> 
     </span>
     <span class='ocr_line' id='line_1_62' title="bbox 927 2257 1668 2300; baseline 0.005 -11"><span class='ocrx_word' id='word_1_399' title='bbox 927 2257 1066 2291; x_wconf 78' lang='lat' dir='ltr'>schub“</span> <span class='ocrx_word' id='word_1_400' title='bbox 1094 2274 1137 2286; x_wconf 95' lang='lat'>=</span> <span class='ocrx_word' id='word_1_401' title='bbox 1163 2258 1377 2300; x_wconf 69' lang='lat' dir='ltr'>differendo,</span> <span class='ocrx_word' id='word_1_402' title='bbox 1411 2258 1476 2293; x_wconf 85' lang='lat' dir='ltr'>das</span> <span class='ocrx_word' id='word_1_403' title='bbox 1503 2259 1581 2293; x_wconf 91' lang='lat' dir='ltr'>sich</span> <span class='ocrx_word' id='word_1_404' title='bbox 1607 2259 1668 2293; x_wconf 85' lang='lat' dir='ltr'>bei</span> 
     </span>
     <span class='ocr_line' id='line_1_63' title="bbox 924 2303 1510 2349; baseline 0.005 -12"><span class='ocrx_word' id='word_1_405' title='bbox 924 2303 1005 2338; x_wconf 86' lang='lat' dir='ltr'>Liv.</span> <span class='ocrx_word' id='word_1_406' title='bbox 1031 2303 1210 2338; x_wconf 87' lang='lat' dir='ltr'>ebenfalls</span> <span class='ocrx_word' id='word_1_407' title='bbox 1237 2305 1362 2349; x_wconf 71' lang='lat' dir='ltr'>haufig</span> <span class='ocrx_word' id='word_1_408' title='bbox 1386 2305 1510 2340; x_wconf 85' lang='lat' dir='ltr'>findet.</span> 
     </span>
    </p>

    <p class='ocr_par' dir='ltr' id='par_1_15' title="bbox 920 2352 1667 2666">
     <span class='ocr_line' id='line_1_64' title="bbox 974 2352 1667 2397; baseline 0.003 -13"><span class='ocrx_word' id='word_1_409' title='bbox 974 2354 1028 2384; x_wconf 91' lang='lat'>11.</span> <span class='ocrx_word' id='word_1_410' title='bbox 1067 2352 1287 2385; x_wconf 74' lang='lat' dir='ltr'>abutendum</span> <span class='ocrx_word' id='word_1_411' title='bbox 1354 2352 1486 2397; x_wconf 85' lang='lat' dir='ltr'>errore]</span> <span class='ocrx_word' id='word_1_412' title='bbox 1558 2363 1667 2394; x_wconf 84' lang='lat' dir='ltr'>„man</span> 
     </span>
     <span class='ocr_line' id='line_1_65' title="bbox 924 2398 1665 2433; baseline 0.003 -2"><span class='ocrx_word' id='word_1_413' title='bbox 924 2400 1044 2432; x_wconf 77' lang='lat' dir='ltr'>miisse</span> <span class='ocrx_word' id='word_1_414' title='bbox 1071 2398 1141 2432; x_wconf 90' lang='lat' dir='ltr'>den</span> <span class='ocrx_word' id='word_1_415' title='bbox 1162 2398 1296 2432; x_wconf 74' lang='lat' dir='ltr'>Iri-tum</span> <span class='ocrx_word' id='word_1_416' title='bbox 1322 2400 1557 2433; x_wconf 74' lang='lat' dir='ltr'>ausniitzen“.</span> <span class='ocrx_word' id='word_1_417' title='bbox 1605 2400 1665 2433; x_wconf 87' lang='lat' dir='ltr'>ab·</span> 
     </span>
     <span class='ocr_line' id='line_1_66' title="bbox 920 2445 1664 2491; baseline 0.004 -14"><span class='ocrx_word' id='word_1_418' title='bbox 920 2445 977 2478; x_wconf 73' lang='lat' dir='ltr'>ua·</span> <span class='ocrx_word' id='word_1_419' title='bbox 1008 2461 1052 2472; x_wconf 96' lang='lat'>=</span> <span class='ocrx_word' id='word_1_420' title='bbox 1085 2445 1347 2480; x_wconf 75' lang='lat' dir='ltr'>auibrauchen.</span> <span class='ocrx_word' id='word_1_421' title='bbox 1398 2446 1472 2491; x_wconf 87' lang='lat' dir='ltr'>vgl.</span> <span class='ocrx_word' id='word_1_422' title='bbox 1500 2445 1533 2488; x_wconf 89' lang='lat'>2,</span> <span class='ocrx_word' id='word_1_423' title='bbox 1555 2449 1610 2488; x_wconf 83' lang='lat'>42,</span> <span class='ocrx_word' id='word_1_424' title='bbox 1634 2449 1664 2480; x_wconf 88' lang='grc'>9.</span> 
     </span>
     <span class='ocr_line' id='line_1_67' title="bbox 922 2491 1666 2535; baseline 0.003 -11"><span class='ocrx_word' id='word_1_425' title='bbox 922 2491 1087 2535; x_wconf 78' lang='lat' dir='ltr'>(viribus)</span> <span class='ocrx_word' id='word_1_426' title='bbox 1128 2492 1370 2526; x_wconf 78' lang='lat' dir='ltr'>abutebantur</span> <span class='ocrx_word' id='word_1_427' title='bbox 1409 2513 1452 2517; x_wconf 97' lang='lat'><strong>—</strong></span> <span class='ocrx_word' id='word_1_428' title='bbox 1494 2494 1586 2526; x_wconf 67' lang='lat' dir='ltr'>inter</span> <span class='ocrx_word' id='word_1_429' title='bbox 1631 2503 1666 2526; x_wconf 88' lang='lat' dir='ltr'>se</span> 
     </span>
     <span class='ocr_line' id='line_1_68' title="bbox 920 2538 1665 2583; baseline 0.001 -12"><span class='ocrx_word' id='word_1_430' title='bbox 920 2539 1105 2579; x_wconf 65' lang='lat' dir='ltr'>certando,</span> <span class='ocrx_word' id='word_1_431' title='bbox 1156 2538 1325 2583; x_wconf 84' lang='lat' dir='ltr'>dagegen</span> <span class='ocrx_word' id='word_1_432' title='bbox 1368 2550 1550 2583; x_wconf 74' lang='lat' dir='ltr'>perverse,</span> <span class='ocrx_word' id='word_1_433' title='bbox 1601 2540 1665 2573; x_wconf 76' lang='lat' dir='ltr'>im-</span> 
     </span>
     <span class='ocr_line' id='line_1_69' title="bbox 922 2585 1665 2627; baseline 0.001 -9"><span class='ocrx_word' id='word_1_434' title='bbox 922 2585 1118 2627; x_wconf 79' lang='lat' dir='ltr'>moderate,</span> <span class='ocrx_word' id='word_1_435' title='bbox 1155 2586 1347 2620; x_wconf 75' lang='lat' dir='ltr'>insolenter</span> <span class='ocrx_word' id='word_1_436' title='bbox 1390 2587 1446 2620; x_wconf 82' lang='lat' dir='ltr'>uti</span> <span class='ocrx_word' id='word_1_437' title='bbox 1483 2602 1526 2614; x_wconf 91' lang='lat'><strong><em>=</em></strong></span> <span class='ocrx_word' id='word_1_438' title='bbox 1565 2585 1665 2621; x_wconf 77' lang='lat' dir='ltr'>miss-</span> 
     </span>
     <span class='ocr_line' id='line_1_70' title="bbox 921 2630 1116 2666; baseline 0.005 -2"><span class='ocrx_word' id='word_1_439' title='bbox 921 2630 1116 2666; x_wconf 82' lang='lat' dir='ltr'>brauchen.</span> 
     </span>
    </p>

    <p class='ocr_par' dir='ltr' id='par_1_16' title="bbox 918 2677 1666 2906">
     <span class='ocr_line' id='line_1_71' title="bbox 968 2677 1665 2721; baseline 0.003 -10"><span class='ocrx_word' id='word_1_440' title='bbox 968 2687 1039 2711; x_wconf 84' lang='lat' dir='ltr'>rem</span> <span class='ocrx_word' id='word_1_441' title='bbox 1065 2678 1146 2721; x_wconf 77' lang='lat' dir='ltr'>esse]</span> <span class='ocrx_word' id='word_1_442' title='bbox 1175 2677 1278 2719; x_wconf 83' lang='lat' dir='ltr'>„dass</span> <span class='ocrx_word' id='word_1_443' title='bbox 1305 2679 1356 2713; x_wconf 88' lang='lat' dir='ltr'>sie</span> <span class='ocrx_word' id='word_1_444' title='bbox 1379 2689 1415 2713; x_wconf 86' lang='lat' dir='ltr'>es</span> <span class='ocrx_word' id='word_1_445' title='bbox 1435 2691 1479 2713; x_wconf 91' lang='lat' dir='ltr'>zu</span> <span class='ocrx_word' id='word_1_446' title='bbox 1499 2678 1665 2714; x_wconf 85' lang='lat' dir='ltr'>schaffen</span> 
     </span>
     <span class='ocr_line' id='line_1_72' title="bbox 920 2723 1664 2771; baseline 0.004 -14"><span class='ocrx_word' id='word_1_447' title='bbox 920 2723 1072 2758; x_wconf 75' lang='lat' dir='ltr'>h&#39;atten“</span> <span class='ocrx_word' id='word_1_448' title='bbox 1087 2738 1094 2765; x_wconf 85' lang='lat'>3</span> <span class='ocrx_word' id='word_1_449' title='bbox 1110 2724 1148 2757; x_wconf 90' lang='lat' dir='ltr'>in</span> <span class='ocrx_word' id='word_1_450' title='bbox 1162 2724 1425 2760; x_wconf 63' lang='lat' dir='ltr'>militiirischer</span> <span class='ocrx_word' id='word_1_451' title='bbox 1435 2726 1664 2771; x_wconf 87' lang='lat' dir='ltr'>Beziehung:</span> 
     </span>
     <span class='ocr_line' id='line_1_73' title="bbox 920 2770 1662 2815; baseline 0.005 -12"><span class='ocrx_word' id='word_1_452' title='bbox 920 2781 1001 2803; x_wconf 82' lang='lat' dir='ltr'>zum</span> <span class='ocrx_word' id='word_1_453' title='bbox 1039 2770 1185 2815; x_wconf 81' lang='lat' dir='ltr'>Gegner</span> <span class='ocrx_word' id='word_1_454' title='bbox 1221 2772 1357 2814; x_wconf 88' lang='lat' dir='ltr'>haben,</span> <span class='ocrx_word' id='word_1_455' title='bbox 1397 2772 1501 2806; x_wconf 86' lang='lat' dir='ltr'>nicht</span> <span class='ocrx_word' id='word_1_456' title='bbox 1534 2773 1662 2808; x_wconf 85' lang='lat' dir='ltr'>selten.</span> 
     </span>
     <span class='ocr_line' id='line_1_74' title="bbox 919 2816 1666 2859; baseline 0.007 -9"><span class='ocrx_word' id='word_1_457' title='bbox 919 2816 981 2858; x_wconf 79' lang='lat'>28,</span> <span class='ocrx_word' id='word_1_458' title='bbox 1007 2821 1061 2859; x_wconf 75' lang='lat'>42,</span> <span class='ocrx_word' id='word_1_459' title='bbox 1092 2821 1145 2852; x_wconf 81' lang='lat'>17.</span> <span class='ocrx_word' id='word_1_460' title='bbox 1173 2828 1251 2853; x_wconf 84' lang='lat' dir='ltr'>eum</span> <span class='ocrx_word' id='word_1_461' title='bbox 1277 2818 1490 2854; x_wconf 80' lang='lat' dir='ltr'>Hannibale</span> <span class='ocrx_word' id='word_1_462' title='bbox 1516 2823 1566 2854; x_wconf 85' lang='lat' dir='ltr'>est</span> <span class='ocrx_word' id='word_1_463' title='bbox 1598 2820 1666 2855; x_wconf 70' lang='lat' dir='ltr'>tibi</span> 
     </span>
     <span class='ocr_line' id='line_1_75' title="bbox 918 2864 1138 2906; baseline 0.009 -9"><span class='ocrx_word' id='word_1_464' title='bbox 918 2864 1048 2906; x_wconf 76' lang='lat' dir='ltr'>futura</span> <span class='ocrx_word' id='word_1_465' title='bbox 1074 2875 1138 2899; x_wconf 86' lang='lat' dir='ltr'>res.</span> 
     </span>
    </p>
   </div>
   <div class='ocr_carea' id='block_1_8' title="bbox 1699 587 1719 618">
    <p class='ocr_par' dir='ltr' id='par_1_17' title="bbox 1699 587 1719 618">
     <span class='ocr_line' id='line_1_76' title="bbox 1699 587 1719 618; baseline 0 0"><span class='ocrx_word' id='word_1_466' title='bbox 1699 587 1719 618; x_wconf 87' lang='grc'>6</span> 
     </span>
    </p>
   </div>
   <div class='ocr_carea' id='block_1_9' title="bbox 1698 1052 1718 1083">
    <p class='ocr_par' dir='ltr' id='par_1_18' title="bbox 1698 1052 1718 1083">
     <span class='ocr_line' id='line_1_77' title="bbox 1698 1052 1718 1083; baseline 0 0"><span class='ocrx_word' id='word_1_467' title='bbox 1698 1052 1718 1083; x_wconf 85' lang='grc'>8</span> 
     </span>
    </p>
   </div>
   <div class='ocr_carea' id='block_1_10' title="bbox 1699 1169 1718 1200">
    <p class='ocr_par' dir='ltr' id='par_1_19' title="bbox 1699 1169 1718 1200">
     <span class='ocr_line' id='line_1_78' title="bbox 1699 1169 1718 1200; baseline 0 0"><span class='ocrx_word' id='word_1_468' title='bbox 1699 1169 1718 1200; x_wconf 90' lang='grc'><strong>9</strong></span> 
     </span>
    </p>
   </div>
   <div class='ocr_carea' id='block_1_11' title="bbox 1700 1404 1742 1435">
    <p class='ocr_par' dir='ltr' id='par_1_20' title="bbox 1700 1404 1742 1435">
     <span class='ocr_line' id='line_1_79' title="bbox 1700 1404 1742 1435; baseline 0.024 -1"><span class='ocrx_word' id='word_1_469' title='bbox 1700 1404 1742 1435; x_wconf 87' lang='grc'>10</span> 
     </span>
    </p>
   </div>
   <div class='ocr_carea' id='block_1_12' title="bbox 1700 1520 1741 1550">
    <p class='ocr_par' dir='ltr' id='par_1_21' title="bbox 1700 1520 1741 1550">
     <span class='ocr_line' id='line_1_80' title="bbox 1700 1520 1741 1550; baseline 0 0"><span class='ocrx_word' id='word_1_470' title='bbox 1700 1520 1741 1550; x_wconf 89' lang='grc'>11</span> 
     </span>
    </p>
   </div>
   <div class='ocr_carea' id='block_1_13' title="bbox 1696 1696 1737 1726">
    <p class='ocr_par' dir='ltr' id='par_1_22' title="bbox 1696 1696 1737 1726">
     <span class='ocr_line' id='line_1_81' title="bbox 1696 1696 1737 1726; baseline 0.024 -1"><span class='ocrx_word' id='word_1_471' title='bbox 1696 1696 1737 1726; x_wconf 88' lang='grc'>12</span> 
     </span>
    </p>
   </div>
  </div>
 </body>
</html>
