1926 3219
129 166 156 186 ι.
177 159 228 185 ch,
250 158 309 183 207.

133 252 344 294 militibus
353 284 363 304 ,

589 143 732 178 LIBER
757 143 904 178 XXVII.
956 141 1057 178 CAP.
1086 147 1141 177 48.
1169 147 1223 177 49.
1629 141 1683 181 83

420 265 514 292 cum
572 252 614 292 in
665 251 889 292 adversum
939 251 1089 292 collem
1139 250 1300 291 frustra
1350 249 1469 303 signa
1519 248 1682 302 erigere

135 312 314 352 conatus
347 313 476 362 esset,
514 312 743 364 postquam
777 323 826 350 ea
857 309 1028 364 regione
1061 308 1274 362 penetrari
1309 307 1361 349 ad
1394 307 1564 348 hostem
1596 320 1682 348 non
1712 314 1753 344 13

135 369 309 411 videbat
338 382 483 421 posse,
516 368 702 409 cohortis
735 368 897 422 aliquot
931 367 1160 408 subductas
1195 382 1215 407 e
1249 366 1396 407 dextro
1430 379 1579 418 cornu,
1611 365 1684 406 ubi

133 427 362 468 stationem
394 427 531 480 magis
560 439 733 480 segnem
760 441 886 480 quam
913 439 1100 480 pugnam
1127 425 1314 465 futuram
1342 424 1553 476 cernebat,
1585 426 1683 476 post
1712 431 1754 461 14

134 485 268 527 aciem
301 485 578 526 circumducit
610 487 652 525 et
690 498 777 525 non
816 484 1012 525 hostibus
1051 483 1175 524 modo
1215 483 1287 523 sed
1328 483 1455 522 etiam
1496 481 1582 522 suis
1623 482 1686 522 in-

133 543 408 597 opinantibus
436 544 479 584 in
506 543 700 584 dextrum
727 541 915 582 hostium
941 542 1053 581 latus
1082 540 1275 591 incurrit,
1310 544 1512 593 tantaque
1540 539 1684 580 celeri-

132 606 199 643 tas
234 602 332 655 fuit,
363 604 422 655 ut,
456 616 544 641 cum
578 599 866 641 ostendissent
898 611 941 638 se
975 599 1028 638 ab
1060 598 1205 650 latere,
1239 612 1335 639 mox
1367 598 1412 638 in
1443 602 1566 652 terga
1598 598 1684 638 iam

131 663 382 715 pugnarent.

445 659 505 700 ita
537 672 587 699 ex
619 657 817 698 omnibus
849 656 1057 710 partibus,
1090 656 1143 697 ab
1175 655 1328 709 fronte,
1362 656 1414 697 ab
1448 656 1592 709 latere,
1625 656 1678 696 ab
1709 664 1750 694 15

132 722 272 773 tergo,
303 717 569 758 trucidantur
600 715 783 768 Hispani
815 713 1096 769 Liguresque,
1130 718 1171 755 et
1205 714 1257 755 ad
1290 714 1440 756 Gallos
1473 715 1559 755 iam
1593 728 1682 755 cae-

132 776 205 818 des
242 777 503 830 pervenerat.

571 774 632 814 ibi
670 773 892 814 minimum
931 773 1175 814 certaminis
1215 772 1312 814 fuit:
1358 788 1455 814 nam
1496 777 1537 813 et
1580 787 1680 827 pars
1711 781 1751 811 16

132 848 288 888 magna
326 834 378 873 ab
420 833 556 886 signis
589 832 786 884 aberant,
827 835 950 873 nocte
984 831 1138 885 dilapsi
1171 831 1377 885 stratique
1411 846 1559 872 somno
1593 846 1687 885 pas-

133 893 212 934 sim
243 905 318 946 per
350 903 488 945 agros,
520 893 562 931 et
596 891 667 944 qui
700 890 891 943 aderant,
923 891 1071 931 itinere
1105 904 1152 931 ac
1184 890 1345 945 vigiliis
1377 889 1500 941 fessi,
1531 890 1682 930 intole-

129 950 375 991 rantissima
405 949 566 990 laboris
600 963 790 1003 corpora,
822 949 890 990 vix
921 963 1038 990 arma
1063 949 1221 990 umeris
1249 949 1495 1003 gestabant,
1528 951 1569 989 et
1596 948 1682 989 iarn
1713 957 1754 986 17

132 1008 215 1050 diei
253 1007 439 1048 medium
478 1010 586 1060 erat,
625 1008 803 1062 sitisque
836 1010 879 1048 et
911 1008 1026 1048 calor
1058 1007 1216 1048 hiantis
1249 1006 1484 1048 caedendos
1517 1007 1685 1060 capien-

131 1067 291 1121 dosque
324 1065 502 1106 adfatim
534 1066 776 1119 praebebat.

130 1125 211 1166 bus
243 1139 370 1179 quam
403 1125 456 1166 ab
494 1124 619 1166 hoste
659 1124 885 1166 interfecti.

841 1065 1073 1119 Elephanti
1105 1065 1247 1119 plures
1281 1066 1333 1106 ab
1366 1065 1471 1120 ipsis
1505 1065 1681 1106 rectori—
1709 1068 1758 1104 49

954 1123 1108 1165 fabrile
1148 1124 1360 1178 scalprum
1399 1138 1493 1164 cum
1533 1124 1686 1165 malleo

130 1183 367 1237 habebant3
405 1183 465 1237 id,
502 1183 576 1224 ubi
614 1183 775 1224 saevire
813 1183 963 1224 beluae
1003 1196 1051 1223 ac
1083 1197 1204 1223 ruere
1235 1183 1280 1223 in
1313 1196 1411 1224 suos
1444 1185 1688 1236 coeperant,

131 1242 338 1297 magister
374 1242 486 1282 inter
526 1256 648 1282 aures
679 1242 886 1295 positum,
924 1241 1018 1295 ipso
1051 1241 1096 1281 in
1128 1241 1328 1294 articulo,
1370 1255 1452 1295 quo
1494 1240 1688 1295 iungitur

132 1301 263 1354 capiti
295 1300 449 1353 cervix,
482 1303 642 1354 quanto
675 1300 861 1341 maximo
894 1302 1064 1354 poterat
1094 1299 1181 1340 ictu
1215 1299 1428 1355 adigebat.
1479 1313 1528 1340 ea
1561 1299 1686 1340 celer-

131 1359 241 1399 rima
260 1358 331 1399 via
352 1358 504 1399 mortis
524 1358 568 1399 in
593 1361 743 1399 tantae
769 1359 894 1399 molis
921 1359 1048 1400 belua
1074 1358 1245 1399 inventa
1272 1361 1375 1411 erat,
1401 1357 1474 1398 ubi
1499 1357 1686 1412 regentis

131 1531 202 1565 den
215 1529 313 1565 Laus
323 1529 439 1565 selbst
452 1530 684 1576 fibertragen.
705 1531 760 1573 22,
771 1535 828 1574 47,
842 1537 871 1567 6.

131 1587 302 1622 praeceps
321 1588 458 1621 pavore
483 1598 526 1602 —
554 1589 689 1622 aymen.

177 1631 218 1664 in
243 1630 431 1665 adversum
457 1631 592 1676 collem]
619 1630 694 1676 vgl.
721 1642 749 1666 c.
771 1635 828 1673 42,
853 1636 872 1666 6

129 1677 296 1712 secundis
321 1677 479 1712 collibus.
506 1677 566 1719 28,
595 1681 649 1718 15,
675 1681 718 1712 10
743 1679 781 1712 in
809 1679 872 1713 ad-

130 1734 271 1758 versum
296 1724 436 1769 collem]

180 1780 234 1811 13.
260 1776 464 1822 stationem]
513 1776 596 1819 „ein
640 1777 871 1812 Stehenblei-

130 1823 214 1865 ben,
246 1823 306 1857 ein
338 1823 537 1858 Abwarten
570 1824 634 1859 des
667 1824 871 1869 Gegners“3

131 1868 245 1904 &fters
283 1869 338 1904 als
383 1868 588 1914 Gegensatz
631 1883 693 1905 zur
728 1883 871 1916 puyna:

133 1915 194 1959 23,
222 1920 276 1959 16,
303 1920 323 1951 5
350 1917 391 1950 in
415 1917 482 1952 hac
507 1918 694 1953 cotidiana
719 1920 873 1954 duorum

130 1964 350 1998 exercituum
373 1965 536 1998 statione.

180 2019 233 2049 14.
260 2016 301 2050 in
320 2036 364 2040 —
385 2017 480 2051 latus
498 2017 672 2062 incurrit]
693 2017 769 2052 Liv.
791 2019 874 2063 sagt

130 2063 223 2097 stets
254 2063 403 2097 incurro
433 2064 475 2097 in
505 2064 665 2108 aliquid,
698 2064 786 2099 aber
817 2066 873 2099 in-

130 2119 278 2144 cursare
308 2110 450 2154 aliquid
459 2124 468 2152 3
503 2111 584 2145 also
615 2112 799 2146 incurrere
831 2113 873 2146 in

129 2166 275 2200 ayrum,
302 2156 391 2191 aber
415 2168 545 2201 ayrum
572 2158 770 2193 incursare.
796 2159 871 2203 vgl.

128 2205 148 2244 ξ
174 2206 194 2236 2
221 2213 347 2247 aymen
372 2224 416 2228 —
441 2205 682 2239 incursarent.

180 2259 234 2290 16.
259 2256 582 2291 intolerantissima
625 2258 760 2292 laboris
797 2269 873 2293 eor-

125 2301 238 2347 pora]
262 2301 316 2337 als
335 2303 460 2338 solche
480 2305 628 2339 werden
653 2304 712 2339 die
733 2304 874 2340 Gallier

132 2348 223 2382 stets
248 2350 473 2392 geschildert
500 2351 531 2394 7,
560 2354 614 2394 12,
643 2355 696 2386 11.
723 2353 771 2386 iis
795 2362 867 2387 cor-

123 2395 280 2438 poribus
316 2397 530 2441 animisque,
568 2408 719 2443 quorum
755 2400 872 2434 omnis

130 2442 172 2475 in
205 2442 341 2485 impetu
374 2444 428 2476 vis
464 2448 565 2487 esset,
595 2456 716 2488 parva
750 2446 870 2480 eadem

130 2488 371 2532 lanqueseeret
395 2499 505 2524 mora.
551 2492 622 2525 Zur
650 2492 871 2538 Steigerung

131 2534 196 2569 des
238 2534 420 2580 Partizips
469 2536 539 2571 mit
581 2537 664 2572 dem
707 2539 857 2573 Genitiv

131 2580 190 2624 10,
216 2586 273 2625 28,
299 2587 331 2618 4.
359 2583 547 2618 Gallorum
566 2604 612 2608 —
636 2594 788 2628 corpora
813 2587 868 2620 in-

131 2628 414 2664 tolerantissima
445 2630 580 2665 laboris
611 2634 716 2674 atque
741 2635 866 2668 aestus.

181 2691 236 2722 17.
261 2688 416 2733 hiantes]
450 2689 568 2731 „nach
599 2687 688 2723 Luft
719 2690 872 2734 schnap-

131 2734 264 2779 pend“‚
300 2735 339 2769 in
376 2734 514 2770 diesem
554 2735 664 2770 Sinne
701 2736 775 2770 und
812 2737 872 2771 bei

131 2780 213 2817 Liv.
231 2793 301 2815 nur
314 2781 410 2823 hier;
432 2783 534 2816 sonst
551 2782 612 2817 bei
627 2782 751 2818 Cicero
772 2795 805 2818 u.
821 2794 870 2818 a.:

130 2827 280 2872 klaffen,
305 2829 463 2873 gahnen.

179 2896 210 2922 c.
237 2885 304 2930 49,
331 2891 362 2921 1.
391 2887 449 2921 Ab
480 2907 524 2912 —
557 2877 768 2934 rectoribus]
813 2887 871 2922 die

946 1532 1086 1566 Fsihrer
1114 1531 1180 1566 der
1204 1530 1400 1566 Elefanten
1425 1530 1568 1565 heissen
1599 1531 1689 1565 mei-

947 1581 1046 1613 stens
1078 1582 1244 1621 rectores,
1279 1576 1470 1612 biswcilen
1504 1579 1686 1622 mayz'stri3

945 1625 1099 1660 letztere
1119 1625 1377 1670 Bezeichnung
1395 1624 1489 1658 wird
1508 1624 1607 1659 allen
1626 1635 1689 1669 ge-

945 1672 1081 1717 geben,
1109 1672 1166 1706 die
1193 1674 1306 1706 etwas
1332 1684 1375 1705 zu
1404 1670 1520 1706 leiten
1544 1671 1620 1705 und
1644 1683 1688 1705 zu

944 1719 1148 1753 verwalten
1173 1719 1312 1753 haben:
1347 1719 1514 1763 magistri
1539 1719 1690 1752 navium

945 1782 988 1794 =
1002 1765 1204 1810 Kapita-ne3
1230 1766 1400 1810 mayister
1419 1766 1588 1809 equitum,
1614 1776 1688 1800 ma-

943 1813 1054 1857 yister
1078 1813 1169 1857 reyii
1187 1813 1330 1857 peeoris
1354 1824 1388 1846 u.
1417 1823 1448 1847 a.

992 1860 1123 1901 fabrile
1156 1859 1353 1904 scalprum]
1393 1859 1477 1901 „ein
1514 1859 1688 1893 Zimmer-

945 1905 1252 1941 mannsmeissel“.
1303 1906 1391 1939 Zum
1411 1905 1589 1950 Adjektiv
1612 1906 1687 1951 vgl.

945 1953 1014 1995 38,
1048 1957 1085 1997 7,
1120 1957 1162 1987 12
1202 1953 1287 1996 folle
1324 1953 1454 1995 fabrili
1489 1969 1524 1981 =
1561 1951 1688 1988 Blasc-

944 2000 1043 2044 balg.

991 2046 1142 2092 saevire]
1169 2046 1282 2090 „wild
1304 2046 1485 2089 werden“,
1511 2058 1584 2081 von
1603 2043 1688 2081 Ele-

943 2093 1071 2127 fanten
1081 2092 1140 2135 21,
1149 2097 1204 2136 28,
1216 2096 1268 2127 12.
1278 2104 1350 2127 von
1357 2092 1515 2127 Pferden
1523 2092 1558 2135 2,
1567 2097 1688 2136 64,11.

991 2140 1174 2185 iunyitur]
1214 2139 1451 2183 „verbunden
1486 2139 1576 2180 ist“;
1622 2141 1687 2175 das

944 2187 1100 2221 Prasens
1121 2187 1185 2221 des
1203 2186 1332 2221 Passiv
1352 2198 1414 2220 zur
1428 2186 1688 2231 Bezeichnung

945 2233 1045 2268 eines
1083 2233 1295 2268 dauernden
1332 2233 1550 2267 Zustandes:
1590 2235 1687 2268 clau-

944 2281 1046 2314 ditur
1071 2297 1115 2309 =
1140 2280 1191 2315 ist
1216 2280 1471 2325 geschlossen3
1509 2281 1686 2325 cinyitur:

942 2327 994 2362 ist
1017 2327 1200 2371 umgeben
1224 2339 1259 2361 u.
1286 2337 1317 2361 a.

990 2374 1125 2420 cervix]
1152 2374 1203 2408 'un
1223 2373 1474 2418 cigentlichen
1496 2373 1606 2409 Sinne
1625 2373 1687 2409 bei

941 2419 1018 2456 Liv.
1053 2433 1122 2455 nur
1154 2421 1206 2455 im
1243 2420 1433 2465 Singular,
1467 2420 1582 2455 selbst
1614 2432 1688 2456 von

942 2468 1134 2502 mehreren
1164 2468 1350 2502 Personen
1389 2467 1522 2511 (woffir
1549 2467 1687 2512 jedoch

942 2515 1037 2549 auch
1072 2515 1138 2548 der
1168 2513 1327 2558 Plura]);
1363 2514 1584 2559 {ibertragen
1618 2526 1687 2549 nur

940 2560 992 2595 im
1017 2561 1153 2596 Plural.
1182 2581 1224 2586 —

988 2608 1171 2652 adiqebat]
1187 2607 1305 2650 „trieb
1320 2607 1488 2648 hinein“;
1503 2607 1686 2642 beiCasar

945 2654 1074 2695 offers,
1100 2655 1162 2688 bei
1186 2653 1265 2689 Liv.
1294 2666 1363 2688 nur
1387 2653 1477 2689 hier.

992 2704 1023 2735 2.
1063 2701 1247 2734 celerrima
1295 2701 1356 2734 ria
1405 2700 1544 2745 mortis]
1593 2700 1685 2742 „die

944 2747 1128 2781 rascheste
1153 2746 1223 2781 Art-
1248 2746 1312 2780 der
1337 2746 1520 2792 Totung“.
1553 2748 1613 2782 via
1640 2765 1684 2776 =

943 2793 1085 2837 Mittel,
1111 2795 1225 2828 etwas
1250 2805 1292 2827 zu
1319 2793 1524 2834 erreichen,
1559 2805 1598 2829 so
1626 2795 1685 2829 cia

943 2841 1088 2881 salutis;
1120 2841 1180 2875 via
1204 2840 1442 2875 insidiarum:
1474 2841 1597 2876 Mittel
1622 2852 1686 2875 zur

943 2887 1118 2932 Rettung,
1144 2899 1206 2921 zur
1230 2886 1501 2933 Nachstellung
1524 2900 1559 2924 u.
1586 2899 1617 2923 a.

1351 2945 1400 2980 ὃ*

1714 1307 1734 1337 10
