1926 3219
159 116 183 133 a.
205 107 257 133 ch.
278 108 337 133 208.
618 94 761 129 LIBER
787 94 932 129 XXVII.
983 93 1084 128 CAP.
1111 97 1166 128 ⁵25.
1193 98 1248 129 26.
1649 94 1705 134 47

157 215 225 243 103
265 200 410 241 divina
445 199 584 253 fieret,
629 201 729 242 seiri
767 215 853 242 non
891 204 1052 255 posset:
1096 214 1231 254 neque
1269 200 1380 242 enim
1421 200 1585 243 duobus
1623 203 1754 246 111319

157 259 284 301 certis
316 257 405 300 deis
437 258 518 300 rite
546 273 630 300 una
661 259 804 301 hostia
836 259 940 300 fieri.
995 259 1055 300 ita
1088 258 1231 300 addita
1262 257 1447 300 Virtutis
1481 260 1605 302 aedes
1637 262 1705 303 ad-

157 319 385 371 properato
407 330 551 370 opere3
576 332 710 372 neque
732 320 874 358 tamen
902 318 954 359 ab
981 318 1074 371 ipso
1101 317 1224 358 aedes
1251 331 1324 358 eae
1350 317 1568 360 dedicatae
1595 324 1705 362 sunt.

153 379 245 416 tum
283 374 452 416 demum
492 375 544 416 ad
584 376 833 429 exercitum,
871 390 995 429 quem
1033 376 1174 429 priore
1213 390 1325 417 anno
1357 374 1572 418 Venusiae
1610 378 1705 420 reli·
1734 385 1778 415 10

155 435 324 487 querat,
355 447 450 474 cum
476 434 780 499 ‘supplemento
812 434 1109 487 proficiscitur.

269 490 428 533 Locros
472 493 517 532 in
557 492 739 532 Bruttiis
785 490 1006 544 Crispinus
1057 504 1306 545 oppugnare
1357 495 1552 547 conatus,
1603 495 1703 548 quia
1731 501 1772 530 11

151 562 353 603 magnam
379 550 536 590 famam
563 549 757 590 attulisse
782 547 916 589 Fabio
944 547 1176 588 Tarentum
1202 548 1387 602 rebatur,
1419 563 1543 591 omne
1570 566 1703 606 genus

151 609 460 649 tormentorum
498 607 874 659 machinarumque
912 619 963 646 ex
1000 604 1145 646 Sicilia
1183 606 1452 661 arcessierat3
1494 611 1537 649 et
1574 623 1703 652 naves

150 665 337 706 indidem
369 666 527 706 accitae
560 666 697 717 erant,
735 677 841 717 quae
874 666 1121 718 vergentem
1153 664 1206 705 ad
1237 679 1354 706 mare
1386 668 1553 719 partem
1585 669 1702 710 urbis

152 726 459 778 oppugnarent.
521 736 569 763 ea
601 722 760 763 omissa
793 722 1060 776 oppugnatio
1093 724 1170 775 est,
1204 723 1303 777 quia
1335 722 1555 766 Lacinium
1586 725 1703 767 Han·
1731 734 1774 763 12

150 782 270 822 nibal
302 780 550 822 admoverat
581 780 745 834 copias,
779 782 820 821 et
853 780 1077 845 conlegam
1110 780 1305 822 eduxisse
1337 781 1423 822 iam
1456 797 1480 822 a
1512 783 1702 826 Venusia

152 838 382 879 exercitum
414 837 532 879 fama
564 842 667 888 erat,
700 838 766 880 cui
799 838 998 892 coniungi
1024 839 1208 882 volebat.
1257 839 1400 894 itaque
1426 840 1471 880 in
1497 840 1702 895 Apuliam
1729 850 1772 880 13

150 909 201 937 ex
242 895 425 937 Bruttiis
466 896 666 948 reditum,
712 899 753 938 et
796 896 907 937 inter
950 896 1183 938 Venusiam
1226 896 1514 952 Bantiamque
1559 901 1700 942 minus

148 953 279 995 trium
310 954 474 995 milium
506 969 712 1008 passuum
743 955 969 996 intervallo
1002 955 1196 996 consules
1228 955 1340 997 binis
1372 957 1524 998 castris
1557 972 1700 999 conse-

147 1012 311 1054 derunt.
378 1013 423 1053 in
467 1013 643 1053 eandem
687 1013 906 1068 regionem
951 1016 994 1054 et
1034 1012 1255 1054 Hannibal
1298 1014 1408 1055 redit
1452 1029 1601 1057 averso
1644 1017 1697 1058 ab
1727 1026 1770 1055 14

144 1069 292 1112 Locris
323 1071 448 1113 bello.
497 1071 558 1112 ibi
591 1072 786 1112 consules
819 1071 944 1112 ambo
976 1071 1150 1125 ingenio
1185 1071 1346 1114 feroces
1378 1087 1511 1128 prope
1543 1074 1698 1117 cotidie

144 1128 190 1170 in
222 1129 355 1170 aciem
387 1129 499 1170 exire
531 1129 645 1170 haud
678 1129 806 1171 dubia
837 1143 923 1184 spe,
956 1130 991 1170 si
1025 1129 1190 1171 duobus
1222 1131 1478 1172 exercitibus
1505 1133 1698 1174 consula-

146 1186 266 1228 ribus
297 1187 451 1228 iunctis
485 1188 770 1229 commisisset
802 1202 893 1229 sese
925 1187 1083 1242 hostis,
1117 1188 1323 1230 debellari
1355 1204 1493 1243 posse.

264 1244 485 1286 Hannibal
518 1247 617 1299 quia
650 1260 745 1287 cum
775 1245 981 1288 Marcello
1014 1247 1080 1288 bis
1112 1247 1253 1302 priore
1287 1261 1398 1289 anno
1442 1262 1695 1303 congressus
1722 1254 1772 1289 26

140 1303 300 1344 vicerat
340 1304 561 1358 victusque
600 1308 709 1358 erat,
753 1308 819 1359 ut,
857 1319 952 1346 011111
991 1305 1139 1346 eodem
1177 1306 1213 1346 si
1251 1306 1538 1347 dimicandum
1577 1307 1700 1362 foret,

142 1375 219 1403 1100
253 1376 373 1416 spem
404 1376 481 1403 nec
514 1365 676 1403 metum
709 1377 759 1404 ex
791 1377 901 1404 vano
933 1363 1134 1417 habebat,
1164 1364 1226 1404 ita
1259 1363 1423 1404 duobus
1449 1366 1697 1408 consulibus

142 1419 255 1462 haud
287 1434 500 1474 quaquam
534 1434 626 1461 sese
658 1435 804 1475 parem
835 1421 1026 1462 futurum
1059 1421 1271 1462 credebat.
1327 1422 1471 1475 itaque
1503 1426 1621 1464 totus
1653 1425 1698 1465 in
1725 1433 1745 1463 2

145 1491 243 1519 suas
276 1477 382 1519 artis
415 1492 563 1519 versus
595 1479 763 1520 insidiis
795 1479 939 1521 locum
971 1480 1215 1533 quaerebat.
1265 1480 1378 1521 levia
1409 1483 1552 1522 tamen
1578 1497 1697 1537 proe-
1724 1491 1745 1521 3

140 1535 200 1577 lia
230 1535 342 1577 inter
372 1537 475 1578 bina
507 1539 648 1578 castra
679 1538 799 1579 vario
833 1540 987 1579 eventu
1017 1538 1194 1591 fiebant3
1227 1538 1381 1592 quibus
1409 1553 1504 1580 cum
1530 1541 1698 1582 extrahi

142 1597 347 1636 aestatem
391 1609 516 1649 posse
562 1596 758 1637 consules
810 1596 1026 1649 cederent,
1073 1596 1210 1638 nihilo
1260 1597 1401 1638 minus
1454 1600 1696 1653 oppugnari

185 1758 216 1788 9.
253 1756 360 1790 certzs
414 1756 504 1801 deis]
556 1773 600 1785 =
651 1760 878 1802 „urspriing-

143 1800 290 1835 lichen“
300 1815 308 1844 3
335 1803 422 1836 certi
446 1803 501 1837 dii
527 1803 609 1837 sind
634 1784 689 1838 dii
708 1805 752 1838 ab
772 1805 880 1839 ‘mitto

136 1848 225 1881 certi
250 1851 282 1881 et
306 1849 513 1901 sempiterni
533 1866 576 1878 =
597 1849 655 1884 die
680 1861 753 1885 von
772 1862 879 1885 vorn-

134 1893 265 1928 herein
299 1895 375 1928 und
406 1894 538 1930 immel-
568 1895 622 1931 als
654 1896 786 1931 Gotter
817 1908 878 1942 ge-

135 1940 266 1984 golten
278 1940 417 1984 haben3
437 1943 636 1977 diimcerti
650 1943 732 1978 sind
742 1944 877 1987 solche,

138 1986 198 2021 die
237 1988 313 2022 erst
350 1987 466 2023 durch
504 1989 778 2025 Konsekration
815 2002 877 2035 ge-

134 2033 284 2068 worden
322 2034 414 2069 sind.
470 2035 562 2070 Eine
601 2036 712 2071 dritte
745 2036 876 2072 Klasse

134 2079 261 2115 bilden
287 2080 346 2116 die
365 2082 680 2126 personificierten
699 2083 876 2126 Virtutes,

135 2125 206 2161 wie
231 2126 312 2161 hier
336 2128 462 2163 Honos
487 2129 563 2163 und
588 2129 726 2164 Virtus.

947 1768 1040 1802 pars
1065 1758 1154 1801 eius,
1180 1769 1271 1803 quae
1296 1762 1452 1803 verqeret
1474 1760 1523 1794 ad
1541 1761 1696 1796 hostium

952 1807 1083 1839 castra.
1118 1815 1147 1839 e.
1168 1809 1225 1846 42,
1249 1808 1302 1840 10.
1329 1816 1421 1849 quae
1438 1817 1532 1850 pars
1557 1811 1694 1842 castro-

951 1861 1033 1886 rum
1059 1852 1108 1885 ad
1131 1852 1242 1887 hostis
1267 1853 1440 1896 verqebat.

1000 1913 1054 1943 12.
1093 1909 1304 1955 Lacinium]
1328 1910 1584 1946 ssiditalisches
1601 1911 1694 1947 Vor-

950 1955 1113 2000 gebirge,
1138 1956 1313 1991 berfihmt
1332 1956 1447 1991 durch
1467 1958 1574 1992 einen
1587 1957 1692 1992 Tem-

948 2001 1010 2046 pel
1042 2003 1106 2037 der
1135 2003 1242 2038 ι111110.
1299 2003 1375 2038 Das
1404 2002 1613 2048 Heiligtum
1643 2005 1693 2039 ist

950 2049 1018 2084 wie
1052 2050 1112 2083 ein
1139 2049 1380 2084 Stadtename
1405 2049 1643 2086 konstruiert.

999 2111 1053 2142 14.
1082 2108 1124 2147 si
1150 2129 1194 2134 —
1220 2109 1448 2144 commisisset
1471 2109 1556 2155 sese]
1585 2120 1691 2144 wenn

180 2174 250 2208 rite
288 2185 366 2209 una
402 2175 519 2210 hostia
554 2177 652 2222 fieri]
691 2187 766 2221 erg.
804 2188 878 2212 rem

135 2219 309 2256 divinam.
372 2221 440 2256 Die
483 2222 585 2267 Ellip
589 2233 627 2257 se
676 2223 728 2257 ist
774 2224 878 2258 nicht

135 2265 251 2302 selten
270 2267 331 2311 22,
353 2272 406 2310 10,
427 2272 459 2303 3.
497 2269 584 2304 Jovi
601 2270 683 2312 fieri
700 2286 744 2299 =
764 2272 877 2306 sacri-

133 2296 421 2410 ficggpropemto
434 2363 581 2408 opere]‚
586 2362 666 2405 ‚mit
678 2363 875 2399 Beschleu-

133 2403 276 2451 nigung
314 2407 378 2442 der
413 2390 647 2444 Bauarbeit‘R
697 2409 791 2454 4,9,
819 2415 872 2446 13.

138 2461 229 2535 opgs
242 2454 646 2542 gffeqlaggg‘lpeffzhudn
655 2460 731 2538 (ἷξε
761 2504 799 2538 Μ
806 2515 872 2539 ar

134 2544 276 2581 cellus
312 2546 400 2581 und
436 2547 633 2584 totliche
665 2549 872 2585 Verwun-

135 2590 254 2636 dung
279 2593 354 2628 des
381 2593 630 2639 Crispinus.

183 2641 238 2672 11.
277 2650 486 2685 oppugnare
511 2642 677 2688 conatus]
707 2643 875 2688 haufiger

134 2688 523 2768 ῗέἔέ4ἕῖι4ἒζῗαὲ4ἴ4ῖ4
528 2688 681 2770 η’ἷῑῗὲἉἪ
697 2693 729 2724 4
751 2690 873 2724 444444

181 2781 377 2822 vergentem
408 2745 480 2825 alell]>
503 2745 548 2810 ἰζ-
582 2782 644 2826 „in
674 2782 738 2817 der
762 2782 873 2817 Rich-

134 2824 228 2869 tung
257 2825 353 2860 nach
384 2825 562 2870 gelegen“
571 2843 579 2871 3
610 2829 684 2874 vgl.
712 2840 741 2865 0.
763 2833 818 2872 26,

952 2163 991 2187 01
1021 2154 1100 2188 31011
1130 2154 1415 2200 preisgegeben,
1449 2156 1482 2190 d.
1515 2156 1550 2191 h.
1584 2157 1692 2191 einen

948 2199 1091 2246 Kampf
1130 2203 1280 2247 gewagt
1322 2202 1444 2243 hatte3
1488 2202 1567 2237 Liv.
1607 2205 1692 2248 sagt

949 2250 1068 2282 sonst:
1096 2259 1167 2282 rem
1193 2249 1405 2283 committere
1427 2250 1467 2282 in
1486 2250 1690 2291 discrimen,

948 2294 990 2328 in
1030 2297 1222 2338 certamem
1262 2295 1357 2330 doch
1398 2295 1493 2329 auch
1524 2295 1559 2340 3,
1579 2299 1635 2338 42,
1656 2301 1688 2331 4.

947 2350 982 2375 30
1008 2352 1120 2386 aequo
1146 2343 1338 2377 certamine
1363 2343 1624 2380 committentes.

994 2402 1032 2432 c.
1059 2393 1119 2437 26,
1148 2399 1178 2429 1.
1218 2405 1261 2430 ecc
1296 2405 1389 2430 vano
1418 2395 1587 2441 habebat]
1627 2406 1690 2438 „er

946 2440 1126 2475 brauchte
1150 2441 1275 2485 gnicht
1317 2453 1382 2476 aus
1421 2442 1486 2476 der
1522 2441 1610 2476 Lust
1646 2454 1690 2476 zu

946 2487 1122 2530 greifen“.
1180 2488 1263 2533 Vgl.
1291 2488 1351 2531 22,
1381 2492 1411 2531 7,
1438 2492 1470 2522 4.
1515 2499 1558 2523 ex
1595 2499 1689 2523 vano

944 2533 1124 2568 haustum.

995 2590 1027 2621 2.
1066 2590 1160 2622 totus
1204 2588 1244 2621 in
1285 2597 1372 2622 suas
1415 2590 1508 2622 artes
1548 2587 1685 2632 versus]

947 2632 1021 2676 vgl.
1048 2632 1082 2675 6,
1109 2637 1164 2674 24,
1190 2636 1211 2667 8
1250 2634 1295 2668 ab
1332 2635 1482 2677 imperio
1513 2636 1608 2668 totus
1638 2635 1688 2668 ad

939 2689 1065 2721 preces
1090 2689 1220 2714 versus.
1272 2680 1323 2713 Zu
1342 2683 1437 2714 artes
1456 2696 1500 2708 =
1518 2680 1687 2722 fraudem

949 2724 1131 2760 Punicam
1156 2725 1230 2770 vgl.
1247 2723 1304 2767 22,
1319 2730 1414 2767 16,5.
1452 2737 1514 2760 nec
1538 2727 1685 2762 Hanni-

947 2772 1059 2806 balem
1089 2773 1233 2815 fefellit,
1264 2774 1340 2807 suis
1370 2783 1406 2807 30
1436 2774 1577 2808 artibus
1598 2774 1685 2818 peti.

994 2834 1025 2864 3.
1064 2831 1208 2865 extrahi
1230 2851 1276 2856 —
1301 2831 1483 2877 aestatem]
1508 2831 1572 2866 der
1593 2832 1685 2867 Plan
