1926 3219
193 173 218 191 a.
239 166 291 190 Ch.
313 167 372 191 210.
725 151 865 186 LIBER
893 150 1036 186 XXVII.
1089 150 1188 186 (JAP.
1217 155 1247 184 3.
1716 153 1742 192 5

185 260 302 301 urbis
330 258 509 302 fruenda
534 259 786 314 locarentur,
819 259 944 300 simul
971 262 1175 309 metuens,
1204 273 1254 299 116
1283 273 1404 298 suum
1433 273 1598 312 quoque
1626 273 1742 300 exer—

186 319 316 360 citum
361 318 469 359 sicut
507 317 762 359 Hannibalis
806 318 939 359 nimia
982 317 1099 358 urbis
1145 317 1382 358 amoenitas
1429 317 1656 369 emolliret,
1701 318 1743 357 in

186 377 323 431 portis
361 376 575 430 murisque
614 377 786 418 sibimet
824 377 940 429 ipsos
973 379 1086 417 tecta
1120 376 1366 417 militariter
1399 378 1599 428 coegerat
1632 376 1742 416 acdi-

186 435 324 476 ficare.
392 437 514 475 erant
558 438 700 476 autem
745 435 946 488 pleraque
988 449 1035 474 ex
1076 435 1264 474 cratibus
1303 437 1378 474 aut
1415 434 1573 474 tabulis
1614 434 1738 486 facta,

185 494 270 534 alia
307 493 542 534 harundine
581 497 716 546 texta,
762 496 998 534 stramento
1039 493 1195 533 intecta
1232 493 1394 545 onmia,
1439 493 1554 533 velut
1592 492 1642 533 de
1682 493 1742 533 in-

188 552 354 593 dustria
381 552 598 593 alimentis
625 553 748 606 ignis.
810 551 914 591 haec
946 551 1082 591 noctis
1116 565 1198 590 una
1232 551 1338 590 hora
1371 552 1513 592 omnia
1547 552 1648 604 <ut‘s
1682 551 1742 592 in-

190 611 417 652 cenderent
466 613 633 652 centum
679 609 953 663 septuaginta
998 608 1206 661 Campani
1251 608 1513 662 principibus
1561 608 1743 650 Blossiis

188 670 394 711 fratribus
427 669 763 710 coniuraverunt.

186 728 319 781 facto,
357 727 492 781 portis
531 727 703 779 repente
742 725 858 766 iussu
890 725 1159 778 proconsulis
1201 725 1373 777 clausis,
1412 740 1508 766 cum
1541 725 1593 766 ad
1626 740 1745 766 arma

185 787 308 840 signo
351 786 450 826 dato
493 784 650 825 milites
690 784 1022 837 concurrissent,
1066 783 1361 837 comprehensi
1401 798 1546 824 omnes
1585 784 1657 838 qui
1697 785 1742 824 in

185 858 298 886 noxa
344 846 467 883 erant
510 846 553 883 et
596 842 846 896 quaestione
892 842 1046 883 aeriter
1084 842 1233 882 habita
1271 842 1462 882 damnati
1500 843 1736 896 nccatique;

188 901 399 942 indicibus
429 900 604 942 libertas
632 904 674 942 et
700 900 808 941 aeris
835 900 944 942 dena
969 901 1085 942 milia
1111 900 1223 941 data.
1285 900 1522 942 Nucerinos
1551 904 1593 941 et
1620 902 1743 942 Acer-

181 974 324 1012 ranos,
369 960 597 1013 querentis,
642 959 716 1000 ubi
761 959 1023 1011 habitarent,
1066 974 1154 1000 non
1187 973 1292 1012 esse,
1333 959 1500 1000 Acerris
1540 974 1590 999 ex
1622 963 1744 1012 parte

181 1018 387 1070 incensis,
429 1017 615 1059 Nuceria
659 1018 815 1071 deleta,
860 1017 1039 1059 Romam
1073 1017 1246 1059 Fulvius
1292 1018 1343 1058 ad
1388 1021 1582 1059 senatum
1615 1018 1744 1058 misit.

182 1076 410 1118 Acerranis
462 1076 734 1130 permissum,
783 1079 830 1117 ut
877 1077 1166 1129 aedificarent,
1223 1091 1329 1131 quae
1386 1077 1558 1118 incensa
1606 1080 1743 1130 erant3

180 1134 383 1176 Nucerini
404 1134 603 1189 Atellam,
630 1135 729 1190 quia
756 1135 798 1176 id
820 1135 1071 1189 maluerant,
1092 1135 1301 1176 Atellanis
1324 1134 1536 1176 Calatiam
1557 1136 1743 1189 migrare

183 1193 311 1235 iussis
344 1193 540 1235 traducti.

301 1252 420 1293 Inter
445 1253 601 1294 multas
629 1265 890 1306 magnasque
916 1267 997 1305 reS,
1029 1266 1134 1306 quae
1161 1266 1273 1293 nunc
1300 1252 1507 1294 secundae
1533 1266 1644 1293 nunc
1671 1252 1740 1292 ad-

184 1325 332 1352 versae
359 1311 625 1365 occupabant
651 1311 936 1364 cogitationes
962 1310 1197 1364 hominum,
1222 1325 1274 1351 ne
1296 1310 1552 1352 Tarentinae
1574 1311 1743 1365 quidem

184 1369 293 1411 arcis
333 1369 487 1410 excidit
524 1369 741 1410 memoria.
810 1369 866 1409 M.
905 1369 1113 1424 Ogulnius
1154 1372 1195 1410 et
1228 1369 1273 1410 P.
1306 1370 1504 1424 Aquilius
1543 1371 1585 1410 in
1617 1369 1741 1410 Etru-

183 1428 293 1469 riam
326 1428 458 1482 legati
490 1427 543 1468 ad
574 1427 838 1468 frumentum
872 1428 1163 1481 coemendum,
1199 1428 1311 1481 quod
1338 1427 1571 1469 Tarentum
1604 1431 1745 1481 porta·

177 1489 313 1539 retur,
369 1485 569 1540 profecti,
619 1489 661 1527 et
710 1486 828 1527 mille
878 1486 1036 1527 milites
1087 1486 1138 1527 de
1191 1487 1377 1528 exercitu
1427 1487 1609 1538 urbano,
1666 1501 1744 1540 par

180 1558 382 1585 numerus
415 1543 708 1586 Romanorum
748 1545 1043 1599 sociorumque
1082 1545 1229 1586 eodem
1269 1546 1312 1585 in
1351 1545 1611 1599 praesidium
1648 1559 1740 1586 cum

184 1602 400 1644 frumento
432 1603 563 1644 missi.

1002 1754 1049 1787 M
1049 1755 1152 1788 azius
1160 1754 1311 1789 Blossus
1323 1754 1381 1789 die
1392 1747 1586 1799 Ubergabe
1597 1756 1742 1799 Capuae

1000 1811 1045 1834 an
1071 1801 1268 1835 Hannibal.

1111 1855 1174 1898 qui
1204 1855 1245 1888 in
1282 1865 1380 1888 noma
1412 1854 1531 1899 erant]
1566 1855 1648 1895 „die
1682 1855 1742 1888 be—

177 1764 206 1789 o.
235 1757 291 1797 40,
316 1758 344 1787 1.
371 1754 478 1788 sinml
504 1753 784 1796 recordantimn,
816 1754 924 1788 simul

177 1811 259 1835 cum
287 1802 355 1834 etc.

227 1863 270 1887 ne
296 1854 494 1888 amoenitas
520 1853 706 1899 emolliret]
728 1853 844 1888 worin
863 1852 923 1887 die
1045 1858 1076 1888 5.

826 666 980 707 indicio
1010 666 1099 707 eius
1127 667 1186 707 rei
1214 680 1262 707 ex
1290 666 1452 707 familia
1478 666 1744 708 Blossiorum
1771 691 1776 698 ·

179 1898 399 1944 allzugrosse
420 1901 619 1934 amoenitas
634 1900 728 1945 jetzt
747 1901 840 1934 noch
862 1900 923 1934 be-

183 1947 312 1981 stehen
338 1946 454 1988 kann,
486 1947 536 1981 ist
567 1947 671 1981 nicht
702 1947 801 1989 klar‚
827 1948 923 1981 nach

178 1993 263 2027 dem
289 1992 349 2036 26,
370 1998 414 2028 33
440 1994 648 2028 Erzahlten.
680 1994 850 2028 emolliret
874 1994 924 2028 ist

179 2039 427 2082 dichterisch3
459 2040 528 2074 mit
555 2040 825 2085 personlichem
853 2040 923 2075 Ob-

174 2086 259 2131 J'ekt
286 2099 352 2120 nur
380 2087 468 2121 hier.

227 2139 451 2185 militariter]
499 2141 615 2183 „nach
654 2140 922 2175 Soldatenart“.

179 2185 283 2220 Doch
321 2186 430 2220 sollte
472 2198 558 2221 man
602 2198 673 2222 von
717 2187 924 2222 romischen

179 2231 356 2267 Soldaten
372 2233 453 2268 eine
466 2235 599 2268 andere
608 2236 676 2268 Art
690 2235 752 2269 des
761 2235 924 2278 Lagerns

177 2281 358 2314 erwarten
374 2282 496 2315 =sub
521 2282 693 2324 pellibus;
720 2281 779 2315 ein
804 2281 924 2326 Lagei·

176 2324 246 2360 wie
284 2326 350 2361 das
388 2327 468 2362 hier
504 2328 766 2363 beschriebene
801 2329 923 2363 haben

179 2371 238 2407 die
263 2373 441 2409 Numider
465 2374 527 2419 30,
547 2379 580 2419 3,
601 2378 728 2410 8—10.

223 2427 396 2471 coeyerat]
450 2427 606 2462 stehend
657 2438 729 2462 von
777 2428 920 2462 Anord-

176 2482 325 2515 nungen
355 2474 619 2509 miliffirischer
653 2475 921 2519 Vorgesetzter.

177 2517 243 2561 23,
265 2522 326 2561 35,
348 2523 367 2553 6
399 2521 585 2556 decurrere
609 2523 741 2556 milites
765 2523 920 2567 coyebat.

176 2563 237 2608 24,
261 2569 291 2607 1,
312 2569 332 2600 3
353 2578 386 2601 u.
415 2571 446 2601 ὂ.

224 2621 256 2652 4.
271 2621 313 2652 ut
326 2619 556 2655 incenderent
571 2641 610 2645 —
621 2622 919 2667 coniuraverunt]

177 2665 367 2700 coniurare
405 2666 474 2701 mit
503 2671 545 2702 ut
570 2667 665 2702 noch
692 2667 727 2711 4,
753 2672 810 2711 45,
840 2673 857 2702 1
885 2681 920 2703 u.

177 2707 218 2751 2,
246 2713 306 2753 12,
333 2716 393 2756 15,
426 2715 529 2748 sonst
554 2713 624 2748 mit
647 2714 730 2749 dem
758 2714 920 2749 Infinitiv

176 2755 265 2790 oder
290 2762 427 2803 contra,
456 2762 497 2794 in
520 2761 685 2805 aliquem,
715 2761 798 2804 (wie
824 2762 919 2796 auch

175 2801 235 2835 bei
263 2801 416 2844 Cicero).

217 2847 380 2899 'Blossiis
404 2851 599 2897 fratribus]
632 2852 697 2896 23,
726 2857 762 2895 7,
790 2856 809 2887 8
837 2863 916 2887 ver-

174 2894 315 2929 m1tte1t
376 2895 441 2930 der
502 2899 761 2942 campanisehe
824 2899 916 2935 Edle

998 1900 1188 1945 schuldigt
1206 1901 1398 1940 wu1·den“;
1423 1900 1482 1941 32,
1504 1905 1559 1944 26,
1583 1906 1624 1935 16
1644 1902 1683 1935 in
1702 1913 1744 1935 ea

997 1959 1095 1982 noxa
1120 1952 1239 1989 erant,
1266 1947 1340 1991 vgl.
1368 1948 1557 1981 inhonore
1582 1959 1670 1990 esse,
1703 1951 1744 1982 in

997 1996 1118 2029 eadem
1143 2005 1254 2029 causa
1279 2005 1349 2029 esse
1376 2007 1408 2028 u.
1435 2004 1467 2027 a.

1046 2052 1077 2082 8.
1104 2048 1198 2082 inter
1223 2047 1355 2081 multas
1376 2067 1419 2071 —-
1439 2047 1508 2091 res]
1539 2048 1657 2091 „trotz
1678 2048 1742 2082 der

999 2094 1117 2128 vielen
1134 2094 1193 2128 S.“
1208 2095 1302 2128 inter
1313 2110 1355 2122 =
1369 2094 1488 2128 61116111
1503 2095 1743 2128 konzessiven

998 2140 1104 2175 Satze
1131 2141 1230 2175 steht
1255 2140 1316 2175 bei
1338 2141 1414 2175 Liv.
1436 2140 1651 2182 vereinzelt,
1679 2152 1738 2185 ge-

998 2188 1182 2222 wohnlich
1216 2189 1274 2222 bei
1302 2188 1378 2221 ihm
1405 2188 1513 2222 dafu'r
1541 2190 1579 2222 in
1615 2189 1682 2221 mit
1707 2188 1740 2222 d.

997 2234 1120 2269 Ablat.

1042 2298 1142 2322 nunc
1164 2308 1204 2312 -—
1226 2288 1341 2332 nunc]
1369 2289 1461 2321 statt
1480 2288 1544 2321 des
1565 2287 1741 2322 ciceroni-

996 2334 1173 2369 anischen
1210 2335 1313 2369 modo
1352 2355 1394 2358 -
1427 2335 1529 2368 modo
1563 2334 1628 2368 hat
1661 2335 1738 2368 Liv.

996 2380 1082 2416 fast
1113 2383 1227 2416 stets
1257 2392 1354 2415 nunc
1380 2401 1423 2406 —
1451 2393 1563 2424 nzmc;
1601 2382 1740 2415 verein-

996 2428 1069 2462 zelt
1105 2430 1208 2463 morlo
1241 2449 1284 2453 —
1319 2429 1420 2462 modo
1451 2428 1491 2471 5,
1518 2432 1581 2471 27,
1615 2433 1644 2462 2.
1680 2428 1739 2470 32,

995 2478 1057 2518 21,
1087 2479 1118 2511 5.

1042 2532 1072 2561 9.
1101 2529 1142 2563 de
1164 2529 1322 2563 eoeereitu
1342 2528 1499 2573 urbano]
1521 2528 1580 2561 die
1600 2528 1739 2571 eigent-

994 2574 1069 2608 lich
1090 2586 1152 2609 zur
1173 2575 1440 2620 Verteidigung
1461 2575 1526 2609 der
1545 2574 1652 2608 Stadt
1677 2575 1739 2608 be-

994 2622 1176 2666 stimmte,
1215 2633 1280 2656 aus
1317 2623 1356 2656 in
1393 2622 1487 2656 Rom
1525 2620 1739 2665 ansassigen

993 2667 1135 2703 Leuten
1177 2669 1402 2704 bestehende
1441 2669 1601 2702 Reserve
1646 2668 1739 2701 wird

993 2715 1185 2750 mehrfach
1221 2716 1317 2749 nach
1350 2715 1522 2749 Etrurien
1554 2725 1616 2747 zur
1649 2713 1736 2748 Ver-

992 2761 1200 2805 hinderung
1244 2762 1342 2795 eines
1387 2761 1609 2794 Anfstandes
1657 2762 1736 2795 ent-

992 2808 1128 2841 sendet.
1181 2819 1209 2842 c.
1239 2811 1269 2848 7,
1293 2812 1345 2841 10.
1373 2811 1405 2849 8,
1429 2810 1481 2839 12.
1509 2811 1565 2849 22,
1588 2811 1641 2841 13.

1037 2853 1077 2886 in
1112 2854 1354 2898 praesidium]
1477 2857 1518 2887 ut
1553 2856 1738 2898 praesidio

989 2903 1117 2942 essent3
1156 2900 1194 2934 111
1230 2912 1258 2935 c.
1298 2911 1418 2938 accus
1456 2900 1577 2945 gleich
1617 2902 1737 2936 einem
