1926 3219
205 76 262 118 56
668 77 812 113 LIBER
836 77 984 114 xxvn.
1035 77 1137 112 CAP.
1164 83 1218 114 30.
1247 83 1301 114 31.
1605 101 1629 120 a.
1650 101 1679 120 u.
1701 95 1760 121 546.

206 184 274 225 nis
311 183 608 225 restitueretur
645 184 887 235 Atintania,
931 183 1198 226 Scerdilaedo
1243 187 1285 226 et
1327 185 1526 229 Pleurato
1574 188 1761 232 Ardiaei.

137 250 182 281 14
209 241 423 282 enimvero
468 241 690 295 indignum
734 245 854 282 ratus
892 241 1116 294 Philippus
1161 242 1299 283 victos
1336 244 1486 285 victori
1526 246 1607 287 sibi
1645 246 1758 289 ultro

208 299 479 340 condiciones
518 299 645 351 ferre,
685 313 738 339 ne
780 302 908 340 antea
949 300 1117 353 quidem
1157 314 1201 341 se
1240 303 1314 341 aut
1351 300 1401 342 de
1445 318 1546 356 pace
1593 304 1759 346 audisse

205 360 280 398 aut
316 357 505 398 indutias
542 356 759 411 pepigisse
798 356 903 398 dixit
941 372 1060 412 spem
1098 357 1233 399 ullam
1270 358 1497 401 habentem
1537 363 1757 416 quieturos

205 416 404 468 Aetolos,
449 415 522 456 sed
560 415 622 455 uti
661 415 799 456 omnis
842 416 980 458 socios
1019 416 1143 457 testis
1180 417 1360 458 haberet
1398 432 1442 459 se
1480 421 1615 473 pacis,
1659 422 1757 464 illos

138 482 179 513 15
206 474 307 515 belli
353 487 524 515 causam
571 474 799 527 quaesisse.
876 475 937 515 ita
981 474 1139 516 infecta
1183 489 1285 529 pace
1330 476 1554 518 concilium
1598 479 1762 521 dimisit

207 534 410 596 quattuor
443 531 616 573 milibus
650 536 912 574 armatorum
937 533 1097 575 relictis
1125 533 1177 574 ad
1204 533 1464 599 praesidium
1490 535 1759 579 Achaeorum

138 599 179 629 16
207 593 249 631 et
281 590 466 644 quinque
498 591 640 646 longis
672 592 852 633 navibus
885 593 1088 646 acceptis,
1126 606 1230 646 quas
1265 593 1300 633 si
1341 592 1567 635 adiecisset
1604 596 1761 638 missae

205 663 341 703 nuper
373 649 425 690 ad
459 663 503 690 se
536 650 662 691 classi
695 648 1117 705 Carthaginiensium
1156 654 1199 692 et
1236 665 1285 691 ex
1324 651 1532 705 Bithynia
1571 653 1623 694 ab
1662 668 1761 709 rege

205 707 360 748 Prusia
391 707 662 749 venientibus
694 709 894 762 navibus,
933 712 1142 750 statuerat
1172 709 1315 750 navali
1347 711 1510 776 proelio
1549 711 1758 753 lacessere

140 775 180 804 17
207 764 426 807 Romanos
465 766 551 807 iam
590 767 663 808 diu
703 767 746 807 in
785 767 959 822 regione
991 781 1040 808 ea
1072 768 1261 821 potentis
1294 769 1437 811 maris.
1498 770 1589 823 ipse
1623 771 1676 812 ab
1711 785 1760 813 eo

207 825 388 866 concilio
416 824 556 880 Argos
589 839 831 879 regressus·
862 826 948 866 iam
981 825 1094 867 enim
1120 825 1378 868 Nemeorum
1405 827 1635 882 adpetebat
1659 832 1763 870 tem-

206 897 304 937 pus,
337 897 444 937 quae
478 883 685 924 celebrari
717 883 892 925 volebat
922 885 1166 938 praesentia
1198 899 1285 926 sua

131 945 179 981 31
327 941 542 995 Occupato
568 955 669 997 rege
697 945 907 996 apparatu
940 943 1137 984 ludorum
1171 945 1213 984 et
1244 957 1320 997 per
1352 943 1441 985 dies
1473 944 1606 987 festos
1637 946 1763 988 licen-

203 1001 290 1041 tius
325 1015 452 1054 quam
485 1001 596 1041 inter
628 1000 730 1042 100111
761 1003 959 1054 tempora
991 1001 1236 1043 lemittente
1264 1002 1452 1042 animum
1479 1002 1524 1044 P.
1553 1001 1762 1058 Sulpicius

205 1059 258 1100 ab
291 1057 518 1113 Naupacto
551 1059 768 1113 profectus
802 1059 982 1101 classem
1016 1060 1184 1114 appulit
1215 1060 1328 1101 inter
1360 1058 1584 1114 Sicyonem
1618 1065 1660 1103 et
1687 1061 1764 1105 Co-

204 1117 414 1170 rinthum,
467 1132 703 1173 agrumque
752 1118 1048 1160 nobilissimae
1099 1118 1332 1160 fertilitatis
1383 1119 1513 1161 effuse
1563 1122 1763 1163 vastavit.

99 1212 105 1217 .
158 1184 178 1215 2
206 1175 322 1217 fama
348 1151 437 1217 01115
463 1177 525 1217 101
552 1175 801 1231 Philippum
829 1177 882 1218 ab
909 1177 1022 1219 ludis
1052 1177 1226 1231 excivit,
1258 1177 1500 1232 raptimque
1530 1193 1625 1220 cum
1653 1180 1766 1234 equi-

204 1237 299 1276 tatu
343 1234 560 1289 profectus
599 1235 727 1276 iussis
766 1236 968 1291 subsequi
1007 1236 1241 1291 peditibus,
1284 1236 1453 1290 palatos
1490 1238 1651 1290 passim
1689 1253 1764 1292 per

205 1307 333 1348 agros
367 1294 593 1348 gravisque
625 1294 803 1349 praeda,
842 1298 889 1336 ut
921 1295 994 1349 qui
1025 1295 1135 1336 nihil
1167 1295 1251 1336 tale
1290 1298 1549 1349 metuerent,
1588 1296 1763 1339 adortus

159 1360 177 1391 3
203 1351 422 1393 Romanos
461 1353 669 1407 compulit
706 1353 759 1394 ad
796 1367 940 1395 naves.
1009 1353 1158 1395 classis
1196 1353 1392 1395 Romana
1431 1354 1764 1410 haudquaquam

207 1411 322 1452 laeta
371 1410 530 1464 praeda
571 1410 845 1465 Naupactum
898 1412 1019 1454 redit.
1092 1411 1293 1466 Philippo
1338 1411 1536 1454 ludorum
1582 1428 1762 1468 quoque,

207 1470 279 1524 qui
317 1469 469 1524 reliqui
510 1472 649 1524 erant,
694 1471 987 1512 celebritatem
1033 1474 1417 1525 quantaecumque,
1463 1471 1512 1512 de
1558 1471 1764 1514 Romanis

158 1536 178 1566 4
204 1531 360 1581 tamen,
391 1528 600 1570 victoriae
631 1531 782 1583 partae
813 1529 930 1570 fama
963 1533 1149 1583 auxerat,
1182 1529 1431 1583 laetitiaque
1462 1530 1629 1585 ingenti
1661 1531 1764 1573 cele·

203 1587 318 1628 brati
349 1587 450 1627 festi
482 1587 583 1641 dies,
617 1602 665 1629 eo
699 1588 836 1643 magis
869 1588 1018 1642 etiam,
1053 1588 1164 1642 quod
1190 1587 1455 1642 populariter
1487 1588 1660 1643 dempto
1700 1604 1766 1631 ca-

254 1706 307 1737 14.
346 1703 417 1738 sibi
448 1703 545 1737 ultro
577 1703 802 1738 condiciones
833 1704 942 1749 ferre]

1017 1702 1273 1748 Anspannung
1292 1703 1456 1738 lockern
1484 1703 1518 1746 5,
1534 1707 1590 1747 41,
1605 1708 1627 1738 4
1647 1717 1669 1739 a
1684 1715 1765 1740 con-

203 1749 392 1784 ihrerseits
419 1750 543 1803 (ultro)
566 1748 834 1795 Bedingungen
861 1751 946 1785 stel-

1019 1751 1175 1785 tentione
1196 1760 1345 1794 puynae
1370 1751 1581 1785 remiserant
1612 1753 1763 1788 animos.

203 1797 277 1838 1011,
305 1798 397 1831 statt
424 1797 475 1831 sie
502 1796 616 1831 selbst
642 1809 685 1831 zu
711 1797 945 1842 empfangen.

204 1843 237 1886 2,
261 1847 315 1887 13,
337 1848 367 1878 ⁶2.
400 1847 441 1878 ut
466 1844 574 1888 pacis
599 1844 825 1880 condiciones
850 1845 946 1880 ultro

204 1892 313 1934 ferret
338 1890 528 1926 Romanis.

252 1949 294 1983 de
319 1959 412 1993 pace
446 1949 605 1995 audisse]
646 1960 708 1992 „er
739 1950 836 1985 habe
870 1950 947 1985 sich

203 1995 602 2041 Friedensvorschlage
640 1998 839 2042 vortragen
877 1998 948 2032 las-

205 2046 311 2084 sen“;
338 2053 404 2077 aus
431 2043 495 2077 der
514 2042 843 2088 Ger-ichtssprache
870 2047 948 2078 ent-

204 2089 322 2131 lehnt,
344 2089 382 2123 in
403 2089 468 2124 der
488 2100 525 2124 es
544 2100 629 2124 vom
650 2090 801 2125 Richter
820 2090 947 2125 heisst:

206 2137 335 2171 audire
360 2136 402 2171 de
428 2137 555 2181 capite,
583 2137 625 2171 de
644 2138 783 2172 ambitu
805 2154 847 2166 =
868 2137 949 2172 eine

207 2182 324 2218 Sache
357 2183 435 2217 sich
467 2195 530 2217 zur
555 2183 835 2228 Entscheidung
866 2195 948 2219 vor-

205 2231 338 2273 tragen
363 2230 496 2265 lassen.
548 2230 622 2265 Der
641 2231 835 2266 Ausdruck
855 2231 950 2266 malt

206 2277 429 2312 absichtlich
456 2277 514 2312 die
540 2278 711 2321 superbia
735 2279 846 2323 reyia.

253 2336 447 2381 quaesisse]
487 2336 606 2378 „habe
645 2348 687 2371 zu
726 2336 848 2371 finden
887 2347 947 2382 80-

206 2382 346 2417 sucht“.
374 2393 403 2418 c.
419 2387 475 2427 34,
493 2387 509 2417 1
527 2384 673 2428 conlega
692 2384 947 2428 quaerebatur:

205 2440 292 2464 man
319 2430 447 2464 suchte
475 2441 519 2463 zu
544 2429 677 2464 finden.

256 2491 309 2522 16.
343 2491 506 2532 potentes
531 2489 661 2534 maris]
689 2489 852 2531 „Herren
885 2489 948 2524 des

206 2534 390 2578 Meeres“;
416 2535 454 2569 in
475 2535 591 2570 Prosa
617 2535 689 2570 seit
707 2536 785 2571 Liv.
807 2536 862 2571 oft
880 2536 950 2570 mit

208 2581 291 2616 dem
312 2581 477 2616 Genitiv:
498 2586 628 2626 potens
653 2583 766 2628 requi,
791 2584 948 2627 imperii,

206 2639 326 2664 rerum
351 2639 502 2664 suarum
527 2641 561 2664 u.
589 2641 621 2664 a.

254 2687 357 2729 c.31‚
369 2691 398 2723 1.
412 2689 609 2723 remittente
622 2689 896 2734 auimum]„als
914 2699 953 2723 er

207 2733 286 2768 sich
300 2715 420 2778 gehen
439 2735 562 2769 liessffi
555 2735 643 2778 ‚bei
663 2736 740 2770 Liv.
760 2735 953 2770 mehrfach

207 2780 370 2815 animum
383 2783 557 2816 remittere
571 2783 615 2817 ab
630 2783 713 2827 aliq.
728 2794 794 2818 re.:
816 2783 874 2817 die
890 2782 956 2817 auf

208 2826 315 2861 einen
329 2826 564 2872 Gegenstand
577 2829 781 2873 gerichtete
795 2828 952 2875 geistige

1065 1793 1309 1832 nobilissimae
1334 1797 1553 1843 fertilitatis]
1581 1809 1653 1833 von
1680 1800 1765 1834 Per-

1018 1855 1132 1879 sonen
1162 1843 1238 1878 und
1263 1843 1408 1889 Dingen
1440 1845 1541 1879 steht
1571 1846 1704 1881 ‘nobilis
1729 1845 1767 1881 in

1020 1893 1147 1937 gutem
1169 1891 1345 1925 Sinne—
1302 1907 1346 1920 =
1365 1890 1567 1936 allgemein
1585 1892 1766 1936 bekannt3

1020 1939 1138 1973 nobile
1181 1938 1326 1980 bellum,
1371 1939 1586 1974 inimicitiae
1628 1940 1764 1976 ‘nobiles

1021 1996 1050 2020 c.
1078 1989 1134 2027 35,
1162 1989 1193 2020 7.

1069 2036 1101 2066 2.
1140 2032 1242 2074 fama
1291 2033 1368 2067 eius
1411 2032 1480 2078 rei]
1531 2033 1766 2078 gewohnlich

1023 2081 1107 2124 sagt
1131 2079 1210 2114 Liv.
1245 2079 1314 2113 mit
1339 2079 1558 2114 Attraktion
1589 2080 1652 2115 des
1677 2080 1764 2115 Pro-

1022 2136 1176 2161 nomens
1214 2137 1255 2160 ea
1291 2127 1408 2170 fama3
1455 2126 1549 2161 doch
1589 2127 1622 2167 1,
1651 2131 1705 2170 60,
1735 2132 1767 2163 1.

1022 2174 1152 2207 harum
1178 2184 1299 2207 rerum
1324 2174 1476 2208 nuntiis.

1068 2221 1192 2264 utqui
1217 2241 1260 2246 ——
1287 2220 1495 2265 metuerent]
1524 2232 1585 2254 zur
1610 2219 1766 2256 Hervor-

1020 2267 1170 2312 hebung
1196 2266 1260 2301 des
1281 2266 1449 2300 Grundes
1469 2266 1666 2302 verbindet
1686 2268 1766 2303 Liv.

1021 2313 1087 2348 das
1101 2313 1246 2348 Relativ
1266 2313 1341 2347 und
1362 2313 1515 2348 relative
1528 2313 1767 2358 Adverbium,

1021 2360 1092 2395 wie
1130 2360 1210 2402 ubi,
1248 2361 1317 2394 mit
1353 2365 1394 2395 ut
1433 2361 1508 2395 und
1547 2360 1630 2396 dem
1668 2361 1765 2396 Kon-

1019 2406 1168 2452 junktiv
1195 2406 1286 2450 (Cic.
1314 2406 1458 2450 selten).

1070 2457 1101 2488 3.
1129 2454 1254 2488 classis
1273 2474 1315 2479 -—
1339 2455 1448 2499 laeta]
1477 2454 1536 2489 die
1558 2454 1768 2499 Stimmung

1022 2500 1098 2534 und
1143 2500 1363 2545 Thatigkeit
1412 2501 1478 2535 der
1527 2502 1768 2546 Bemannung

1021 2547 1114 2582 wird
1141 2548 1226 2582 sehr
1253 2548 1307 2581 oft
1333 2548 1399 2582 auf
1421 2547 1478 2582 die
1507 2547 1640 2583 Sohifie
1660 2548 1766 2583 iiber-

1021 2596 1165 2638 tragen.
1192 2594 1252 2639 44,
1274 2599 1329 2638 16,
1350 2599 1370 2629 6
1390 2595 1481 2639 reyii
1501 2595 1604 2629 lembi
1624 2615 1667 2619 —-
1688 2605 1768 2630 cum

1025 2662 1068 2667 —
1101 2642 1256 2677 hostium
1281 2653 1389 2677 naves
1419 2642 1766 2685 conspeccissent.

1072 2693 1104 2722 4.
1139 2688 1386 2733 populariter]
1407 2687 1490 2722 dem
1512 2689 1647 2723 Wesen
1667 2688 1768 2723 eines

1025 2735 1317 2770 Volksfreundes
1345 2733 1573 2779 (δημοτικός)
1600 2737 1766 2780 entspre-

1026 2782 1155 2817 chend.
1192 2781 1226 2824 3,
1250 2786 1304 2825 14,
1325 2786 1344 2816 5
1379 2782 1471 2817 alibi
1489 2783 1685 2826 popularis
1709 2782 1766 2817 iu-

1025 2832 1150 2864 ventus
1175 2832 1262 2863 erat.
