1926 3219
193 163 224 182 ’3.
245 156 297 182 Ch.
318 156 378 181 210.

729 140 873 176 LIBER
898 139 1047 176 XXVII.
1098 138 1200 176 CAP.
1228 144 1259 174 4.
1731 139 1753 179 ‘4‘

197 250 370 292 factam.
430 248 628 303 protinus
662 252 704 290 et
736 249 842 290 alios
868 247 1040 289 Africae
1072 247 1244 302 regulos
1276 246 1381 287 iussi
1414 246 1542 300 adire,
1574 246 1626 288 iis
1654 260 1755 301 quo·
1782 255 1802 286 9

201 323 280 363 que
318 322 425 362 quae
464 307 682 360 darentur,
721 310 909 361 portata,
948 309 1074 361 togae
1112 308 1355 360 praetextae
1388 308 1429 346 et
1460 308 1583 346 terna
1614 305 1755 358 pondo

200 370 371 421 paterae
399 380 561 407 aureae.
614 370 655 407 et
684 365 991 406 Alexandream
1019 363 1071 406 ad
1098 364 1393 406 Ptolomaeum
1420 365 1463 404 et
1482 361 1755 417 Cleopatram
1785 372 1828 403 10

199 438 321 479 reges
352 423 409 466 M.
434 424 592 465 Atilius
626 427 667 466 ct
693 423 761 465 Μ’.
787 424 950 465 Acilius
982 423 1127 477 legati,
1160 422 1212 464 ad
1245 421 1662 464 commemorandam
1696 436 1757 462 re-

199 483 524 537 novandamque
553 483 785 524 amicitiam
812 481 946 534 missi,
972 481 1082 522 dona
1107 481 1255 533 tulere,
1282 481 1373 534 regi
1400 483 1546 535 togam
1576 483 1618 521 et
1642 479 1753 520 tuni-

198 555 292 582 cam
318 556 576 595 purpuream
603 555 699 582 cum
725 540 831 581 sella
857 540 1054 592 eburnea,
1086 539 1261 593 reginae
1287 539 1446 592 pallam
1473 539 1633 592 pictam
1659 552 1756 580 cum

197 600 381 641 amiculo
415 613 640 654 purpureo.

316 657 454 700 Multa
486 672 535 699 ea
566 658 744 708 aestate,
777 668 860 708 qua
891 654 997 695 haec
1029 654 1143 695 facta
1175 657 1286 706 sunt,
1323 668 1372 694 ex
1404 655 1655 708 propinquis
1688 669 1756 695 ur·
1786 664 1826 694 11

198 716 324 758 bibus
369 716 566 770 agrisque
606 713 807 755 nuntiata
844 714 944 754 sunt
987 712 1204 767 prodigia:
1251 712 1424 753 Tusculi
1464 726 1622 768 agnum
1660 726 1756 754 cum

196 775 326 816 ubere
368 772 544 815 lactenti
586 774 754 824 natum,
798 770 912 812 Iovis
959 771 1073 812 aedis
1113 770 1281 811 culmen
1319 770 1498 812 fulmine
1537 771 1669 812 ictum
1707 785 1755 812 ac

196 846 328 887 prope
361 831 476 872 omni
507 833 621 872 tecto
652 829 876 882 nudatum,
907 829 1042 870 isdem
1073 828 1206 870 ferme
1239 829 1387 870 diebus
1414 829 1638 884 Anagniae
1670 832 1752 870 ter·
1783 840 1823 871 12

193 905 286 931 ram
324 892 423 931 ante
461 892 631 943 portam
668 889 799 930 ictam
838 888 950 930 diem
988 902 1035 929 ac
1073 890 1242 929 noctem
1283 888 1372 929 sine
1411 888 1500 929 ullo
1532 888 1646 942 ignis
1679 888 1757 928 ali-

192 951 338 990 mento
366 949 540 1001 arsisse,
573 951 616 989 et
642 948 733 988 avis
761 947 813 987 ad
834 945 1082 1000 Compitum
1103 946 1381 1001 Anagninum
1406 947 1451 987 in
1473 946 1568 988 luco
1590 945 1755 987 Dianae

191 1006 317 1048 nidos
349 1006 394 1047 in
427 1006 654 1048 arboribus
687 1005 932 1060 reliquisse3
965 1004 1221 1046 Tarracinae
1253 1005 1298 1046 in
1329 1005 1438 1046 mari
1466 1004 1580 1046 haud
1605 1005 1754 1058 procul
1782 1016 1825 1047 13

193 1068 322 1119 portu
361 1078 521 1120 angues
561 1064 872 1120 magnitudinis
907 1064 1040 1105 mirae
1072 1063 1380 1105 lascivientium
1415 1063 1597 1118 piscium
1628 1063 1755 1105 modo

194 1124 426 1177 exult-asse3
462 1123 708 1178 Tarquiniis
740 1136 917 1178 porcum
950 1136 1045 1163 cum
1078 1136 1148 1163 ore
1180 1122 1368 1163 humano
1401 1123 1607 1177 genitum,
1639 1123 1681 1162 et
1711 1122 1756 1163 in
1783 1133 1826 1164 14

193 1196 298 1236 agro
344 1181 561 1236 Capenate
607 1181 659 1223 ad
702 1182 844 1223 lucum
881 1180 1087 1222 Feroniae
1131 1183 1335 1235 quattuor
1379 1181 1502 1235 signa
1546 1181 1755 1234 sanguine

191 1241 328 1282 multo
350 1241 461 1282 diem
489 1255 537 1282 ac
562 1243 734 1282 noctem
761 1240 946 1282 sudasse.
996 1239 1100 1281 haec
1125 1239 1322 1293 prodigia
1341 1238 1496 1281 hostiis
1517 1239 1752 1280 maioribus
1783 1251 1824 1282 15

242 1394 294 1425 10.
316 1390 429 1436 reyes]
446 1390 570 1434 Konig
582 1390 658 1424 und
673 1389 832 1434 Konigin
845 1401 934 1424 wer-

192 1434 281 1481 den',
308 1448 415 1471 wenn
442 1438 493 1471 sie
520 1438 575 1471 als
594 1436 689 1471 Paar
708 1437 934 1481 erscheinen‚

192 1485 287 1519 ohne
311 1483 556 1519 Unterschied
582 1484 646 1518 des
673 1482 935 1518 Geschlechtes

189 1541 286 1575 reyes
304 1533 480 1575 genannt.
502 1531 535 1573 1,
550 1534 650 1573 39,2.
664 1541 762 1575 reyes
782 1547 825 1559 =
846 1530 936 1564 Tar-

189 1577 338 1622 quinius
381 1577 456 1612 und
494 1577 687 1623 Tanaquil.
738 1576 800 1621 44,
831 1581 886 1620 19,
915 1581 936 1612 6

188 1637 224 1659 u.
253 1629 306 1659 11.
348 1624 468 1669 (Auch
488 1624 583 1668 C‘as.)
625 1617 746 1659 Ofters
769 1625 819 1659 ist
841 1635 937 1669 reyes

191 1687 236 1700 =
276 1671 489 1716 konigliche
526 1671 693 1706 Familie.
756 1671 789 1716 2,
828 1676 861 1714 2,
901 1675 931 1706 7.

188 1719 324 1753 eiecisti
348 1729 453 1763 reyes.

238 1766 287 1800 ad
299 1766 641 1800 commemorandam
656 1785 699 1790 —-
715 1765 931 1810 amicitiam]

186 1811 309 1847 dieses
335 1812 517 1855 Biindnis,
549 1811 619 1847 mit
649 1812 862 1847 Ptolemaus
887 1812 932 1848 II.

189 1858 457 1904 Philadelphus
483 1871 544 1893 zur
570 1859 651 1893 Zeit
683 1859 745 1894 des
771 1859 934 1903 Pyrrhus

189 1906 445 1950 geschlossen,
471 1906 563 1940 wird
588 1917 654 1940 aus
686 1906 935 1940 merkantilen

188 1951 396 1987 Interessen
430 1963 502 1987 von
538 1952 610 1986 den
644 1952 804 1987 Romern
843 1954 934 1987 stets

188 1999 362 2043 gepflegt.
412 1999 486 2043 vgl.
513 1999 574 2042 31,
596 2002 628 2040 2,
653 2003 685 2034 4.

239 2050 292 2080 11.
318 2048 493 2080 rzzcntiata
518 2066 562 2071 —
584 2045 774 2091 prodiyia]
802 2057 872 2080 von
895 2045 934 2081 in

187 2092 284 2127 Rom
298 2091 481 2137 erfolgten
489 2092 687 2137 Prodigien
700 2093 750 2126 ist
760 2093 933 2127 stehend:

187 2139 291 2181 faeta
317 2140 406 2174 oder
432 2141 527 2181 visa,
562 2151 634 2174 von
666 2140 931 2185 auswartigen:

187 2187 372 2222 nuntiata.
399 2186 459 2229 26,
480 2190 536 2229 23,
556 2190 588 2220 4.
609 2186 670 2230 40,
694 2191 748 2230 19,
769 2191 799 2222 1.
844 2198 932 2232 pro-

183 2233 290 2277 diyia
314 2253 361 2258 -
386 2237 419 2268 et
443 2233 579 2267 Romae
610 2244 648 2268 eo
675 2245 772 2268 anno
798 2235 877 2269 visa
901 2237 933 2270 et

185 2281 361 2314 ozwntiata
381 2291 539 2324 pereyre.

234 2337 315 2361 eum
328 2328 433 2362 ubere
446 2327 608 2372 laetenti]
625 2327 683 2362 die
693 2327 932 2370 alt-enGram-

188 2374 349 2408 matiker
385 2374 533 2408 lehren:
573 2375 730 2409 lactens
768 2378 834 2415 est,
873 2376 933 2410 cui

187 2419 245 2453 lac
277 2421 487 2464 praebetur3
532 2421 709 2463 laetans,
747 2433 838 2466 quae
876 2423 933 2457 lac

181 2466 348 2510 praebet3
375 2467 490 2502 daher
514 2467 595 2502 hier
615 2467 834 2513 eigentlich:
861 2469 931 2504 ῖαοἐ

185 2513 284 2547 tanti
310 2514 437 2549 stehen
462 2514 609 2549 mfisste.

233 2560 387 2602 fulmine
431 2561 559 2607 ictu—m]
607 2571 680 2596 von
728 2561 930 2606 Prodigien

184 2606 301 2640 durch
328 2607 400 2641 den
419 2606 514 2642 Blitz
537 2608 593 2642 oft
611 2609 654 2643 de
672 2610 765 2643 coelo
783 2613 930 2653 tactum,

188 2652 325 2688 seltner
361 2654 436 2688 und
472 2654 635 2699 weniger
676 2653 844 2690 feierlich
880 2656 931 2690 ist

184 2698 337 2739 fulmine
372 2701 483 2736 ictum
527 2702 616 2737 oder
657 2702 768 2736 ictum
805 2702 929 2737 allein.

237 2795 290 2826 12.
317 2792 527 2840 Anayniae]
567 2795 663 2829 trotz
704 2795 767 2829 des
808 2795 929 2830 (131161-

187 2837 391 2873 stehenden
400 2844 481 2874 ante
481 2846 627 2884 portam
635 2842 686 2876 ist
692 2842 929 2885 kom‘cmiert,

186 2884 242 2918 als
267 2895 375 2919 wenn
401 2885 465 2919 der
491 2887 558 2921 Ort
581 2889 620 2922 in
645 2889 710 2922 der
734 2888 842 2923 stadt-
867 2899 929 2933 ge-

1007 1390 1117 1434 legen
1137 1389 1252 1424 hat-te.
1279 1389 1339 1433 23,
1355 1393 1410 1431 36,
1426 1393 1458 1423 4.
1485 1389 1619 1424 Hamis
1638 1401 1755 1426 vacua

1008 1440 1130 1471 castra
1154 1437 1293 1471 ini-enit
1320 1453 1363 1464 =
1390 1436 1451 1470 bei
1475 1436 1627 1472 Hamae.

1054 1484 1132 1518 sine
1185 1484 1260 1517 ullo
1315 1484 1413 1527 iynis
1468 1484 1653 1529 alimento]
1716 1484 1755 1519 in

1008 1531 1123 1564 Prosa
1156 1529 1207 1564 ist
1238 1529 1346 1564 daffir
1370 1531 1524 1564 materia
1549 1531 1753 1575 gebrauch-

1007 1577 1142 1619 licher;
1169 1577 1243 1621 vgl.
1266 1576 1404 1621 jedoch
1430 1587 1459 1611 c.
1481 1580 1513 1621 3,
1534 1581 1554 1611 3
1575 1578 1757 1614 alimentis

1009 1635 1115 1705 297‘1123-
1146 1670 1350 1715 Compitum
1392 1670 1648 1716 Anayninum]
1695 1671 1754 1707 die

1006 1717 1361 1762 Kreuzungspunkte
1432 1717 1575 1762 grosser
1640 1718 1753 1753 Heer-

1007 1764 1182 1807 strassen,
1220 1764 1331 1799 sowie
1370 1764 1434 1798 der
1468 1764 1755 1809 Hauptstrassen

1005 1812 1044 1845 in
1077 1811 1143 1845 der
1169 1811 1292 1854 Stadt,
1320 1811 1402 1845 sind
1427 1811 1753 1847 Verkehrsmjttel-

1005 1859 1165 1902 punkte,
1208 1859 1328 1893 denen
1372 1869 1409 1893 es
1459 1859 1554 1893 auch
1597 1870 1644 1894 an
1681 1859 1752 1894 Ka-

1006 1905 1131 1950 pellen
1191 1917 1226 1939 u.
1283 1917 1309 1939 s.
1366 1917 1410 1941 w.
1447 1922 1455 1926 -
1476 1905 1581 1940 nicht,
1647 1904 1752 1941 fehlt.

1009 1963 1038 1987 c.
1072 1956 1128 1994 23,
1161 1955 1191 1986 7.
1229 1953 1475 1996 supplicatum
1502 1963 1571 1996 per
1596 1955 1752 1998 compita

1008 2002 1084 2034 tota
1108 1999 1206 2034 urbe.

1056 2050 1109 2080 14.
1130 2056 1283 2090 porcum
1303 2057 1382 2080 cum
1403 2056 1462 2081 ore
1488 2046 1662 2093 humano]
1692 2046 1752 2082 die

1005 2092 1239 2137 Pr'aposition
1262 2093 1345 2136 ftigt
1363 2105 1445 2127 zum
1471 2092 1619 2127 Ganzen
1645 2094 1752 2128 einen

1005 2139 1366 2175 hinzukommenden
1416 2140 1513 2182 Teil3
1568 2140 1630 2175 bei
1672 2140 1750 2175 Liv.

1006 2186 1077 2221 oft:
1105 2198 1134 2221 c.
1164 2192 1218 2230 11,
1246 2192 1277 2222 5.
1316 2198 1397 2221 cum
1424 2188 1605 2231 elephanti
1635 2189 1753 2232 capite

998 2245 1174 2277 puerum,
1213 2244 1330 2278 aynus
1367 2245 1446 2268 cum
1483 2235 1591 2269 suillo
1623 2236 1751 2279 capite,

999 2291 1136 2325 porcus
1169 2292 1248 2315 cum
1279 2282 1397 2325 capite
1426 2281 1600 2323 humano,
1634 2293 1753 2326 aynus

1005 2338 1085 2362 cum
1130 2329 1235 2362 abere
1278 2329 1436 2362 lactenti.
1503 2328 1613 2362 Diese
1665 2328 1750 2363 dem

1004 2374 1290 2419 Prodigienstile
1317 2375 1445 2419 eigene
1465 2375 1664 2420 Wendung
1689 2376 1751 2410 be-

1004 2421 1173 2456 zeichnet
1215 2422 1286 2456 den
1322 2421 1629 2457 hinzutretenden
1668 2423 1751 2457 Teil

1005 2468 1060 2503 als
1087 2470 1202 2503 etwas
1227 2468 1511 2513 Fremdartiges.

1050 2517 1229 2561 sanyuine
1259 2515 1422 2561 sudasse]
1454 2526 1524 2550 nur
1561 2515 1640 2550 hier
1675 2516 1751 2550 und

1003 2562 1069 2605 22,
1092 2566 1128 2606 1,
1150 2567 1170 2598 8
1198 2563 1381 2605 erw’ahnt3
1412 2563 1478 2597 der
1502 2562 1654 2596 Ablativ
1680 2562 1750 2597 wie

1002 2609 1063 2644 bei
1081 2610 1275 2644 manantia
1293 2610 1472 2654 sanyuine
1491 2608 1551 2652 40,
1573 2613 1629 2652 39,
1651 2613 1681 2643 9.
1705 2630 1749 2635 —

1001 2657 1044 2690 in
1068 2657 1148 2691 luco
1173 2656 1357 2691 Feroniae
1380 2657 1455 2700 vgl.
1481 2655 1542 2697 26,
1565 2661 1618 2699 11,
1645 2661 1678 2690 9.

1052 2707 1105 2738 15.
1131 2703 1257 2737 hostiis
1281 2702 1497 2748 maioribus]
1524 2701 1749 2747 Gegensatz:

1002 2749 1225 2784 laetentibus.
1255 2748 1438 2784 Stehende
1458 2749 1633 2784 Formeln
1651 2750 1749 2785 sind:

1001 2796 1127 2830 hostiis
1158 2796 1357 2830 maioribus
1383 2806 1599 2840 procurare,
1636 2798 1749 2832 sacri-

1001 2843 1127 2885 ficare;
1159 2843 1294 2877 hostias
1319 2843 1464 2878 caedere
1496 2845 1539 2888 (c.
1567 2847 1630 2888 23,
1650 2845 1686 2888 4)
1713 2855 1748 2878 u.

1002 2890 1197 2924 inmolare.
