1926 3219
655 73 797 108 LIBER
822 73 967 108 XXVII.
1020 73 1121 109 CAP.
1151 78 1204 110 18.
1651 75 1706 116 35

156 93 181 113 ι,
203 87 255 112 Ch.
275 87 335 114 209.

156 183 248 222 erat
285 183 328 221 et
365 181 501 222 altera
539 180 715 222 inferior
754 181 981 222 summissa
1014 180 1187 235 fastigio
1222 181 1438 235 planities,
1477 196 1570 224 eam
1603 196 1703 236 quo·

157 252 237 292 que
275 239 410 280 altera
447 239 618 294 crepido
659 239 772 280 haud
811 239 994 280 faciliori
1035 253 1211 281 ascensu
1250 240 1454 281 ambibat.
1516 241 1560 281 in
1591 241 1703 282 hunc

154 295 396 338 inferiorem
429 312 626 352 campum
658 300 829 352 postero
862 297 927 338 die
960 297 1217 352 Hasdrubal,
1250 301 1477 352 postquam
1519 301 1704 340 stantem

154 369 233 409 pro
271 356 424 397 castris
463 355 652 397 hostium
692 356 826 397 aciem
864 355 989 409 vidit,
1027 356 1187 409 equites
1220 355 1428 398 Numidas
1462 357 1704 411 leviumque

153 426 370 454 armorum
402 413 585 456 Baliaris
625 417 667 456 et
699 413 827 455 Afros
861 414 1042 454 demisit.

152 470 271 512 dines
311 472 537 527 signaque,
581 472 832 514 ostendebat
873 471 1059 523 hostem,
1103 471 1408 523 praedamnata
1447 488 1521 527 spe
1567 487 1701 528 aequo

152 528 382 571 dimicandi
415 545 564 584 campo
598 531 843 583 captantem
873 529 1073 579 tumulos,
1106 529 1189 569 loci
1221 529 1387 583 fiducia,
1418 545 1504 572 non
1530 532 1701 573 virtutis

152 590 228 629 aut
260 603 476 630 armorum
509 592 620 629 stare
652 588 697 628 in
729 588 975 639 conspectu3
1011 585 1083 626 sed
1117 586 1271 628 altiora
1303 589 1473 630 moenia
1500 589 1701 630 habuisse

151 644 469 702 Carthaginem,
494 659 600 699 quae
625 643 962 686 transcendisset
987 644 1112 685 miles
1132 644 1370 700 Romanus3
1395 661 1471 689 nec
1498 647 1701 702 tumulos,
1728 654 1737 681 ἕ

148 717 225 745 nec
264 719 421 757 arcem,
458 717 510 744 ne
548 717 664 744 mare
698 702 868 757 quidem
902 702 1031 743 armis
1064 703 1284 744 obstitisse
1318 705 1416 746 suis.
1479 706 1578 760 quid
1610 705 1700 747 fore

148 762 412 814 altitudines,
451 775 557 815 quas
590 761 804 815 cepissent
835 760 998 814 hostes,
1037 763 1085 802 ut
1115 775 1190 815 per
1222 763 1475 816 praecipitia
1509 767 1550 805 et
1581 778 1699 818 prae-

146 821 273 874 rupta
299 819 501 861 salientes
527 820 740 874 fugerent3
773 833 867 860 eam
893 833 1059 874 quoque
1087 834 1131 860 se
1157 820 1243 861 illis
1269 821 1417 876 fugam
1443 822 1698 865 clausurum.

145 877 426 932 cohortesque
464 878 569 920 duas
608 879 787 919 alteram
825 880 971 919 tenere
1009 878 1151 919 fauces
1184 879 1328 933 vallis,
1365 894 1441 934 per
1472 895 1599 935 quam
1632 881 1697 921 de-

145 935 328 977 ferretur
359 937 509 990 amnis,
541 936 671 991 iubet,
704 936 884 978 alteram
910 936 1023 978 viam
1049 936 1246 990 insidere,
1278 952 1385 991 quae
1413 939 1466 980 ab
1493 939 1596 981 urbe
1622 953 1699 993 per

142 994 299 1036 tumuli
343 995 520 1049 obliqua
558 996 602 1036 in
648 1009 775 1051 agros
820 995 961 1035 ferret.
1027 995 1120 1048 ipse
1159 996 1398 1050 expeditos,
1443 998 1516 1051 qui
1560 997 1698 1052 pridie

144 1052 350 1094 stationes
376 1053 567 1095 hostium
592 1054 858 1108 pepulerant,
884 1053 936 1094 ad
961 1053 1098 1094 levem
1125 1056 1385 1095 armaturam
1411 1056 1559 1098 infimo
1581 1059 1696 1097 stan-

141 1113 230 1152 tem
268 1111 494 1166 supercilio
534 1111 661 1154 ducit.
723 1126 798 1166 per
837 1114 1009 1165 aspreta
1039 1112 1243 1166 primum,
1281 1113 1388 1153 nihil
1421 1114 1536 1155 aliud
1568 1129 1695 1168 quam

142 1169 213 1210 via
262 1170 475 1224 impediti,
524 1170 622 1213 iere.
702 1170 868 1223 deinde,
916 1172 964 1210 ut
1014 1171 1091 1211 sub
1140 1171 1271 1212 ictum
1321 1175 1544 1226 venerunt,
1594 1174 1696 1214 telo-

141 1241 235 1268 rum
272 1229 410 1282 primo
451 1229 589 1270 omnis
629 1229 797 1284 generis
836 1229 899 1269 vis
938 1228 1088 1283 ingens
1128 1229 1261 1270 effusa
1299 1229 1343 1270 in
1382 1244 1452 1272 eos
1491 1234 1574 1286 est,
1611 1232 1695 1286 ipsi

999 1392 1202 1433 captantem
1233 1391 1404 1437 tumulos]
1438 1392 1540 1434 „sich
1573 1393 1693 1427 klam-

950 1435 1080 1470 mernd
1105 1438 1187 1478 an“,
1214 1436 1284 1481 eig.
1311 1454 1355 1466 =
1381 1438 1572 1473 haschend
1598 1441 1693 1475 nach

951 1484 1082 1524 etwas,
1122 1484 1213 1517 stets
1250 1483 1289 1517 in
1325 1484 1538 1520 tadelndem
1570 1486 1692 1521 Sinne.

951 1528 1017 1571 22,
1045 1533 1100 1571 28,
1127 1533 1147 1563 2
1193 1531 1422 1566 temeritatem
1464 1536 1612 1577 captare
1648 1551 1692 1563 =

951 1574 1162 1619 auflauern,
1189 1577 1431 1613 nachstellen.

999 1632 1030 1662 9.
1069 1629 1158 1672 quid
1199 1630 1277 1671 fore
1320 1631 1547 1677 altitudines]
1592 1644 1691 1676 „was

138 1387 262 1430 Rand,
306 1388 344 1422 in
381 1389 497 1424 Prosa
533 1388 690 1424 seltener
728 1390 782 1424 als
818 1389 879 1424 bei

137 1433 332 1477 Dichterm
369 1434 431 1470 bei
467 1435 543 1469 Liv.
583 1436 774 1471 mehrfach
810 1436 879 1469 mit

137 1478 285 1515 Genitiv
322 1480 385 1516 des
416 1481 576 1517 Lander-
609 1482 698 1517 oder
722 1482 877 1518 Volker-

134 1536 297 1562 nameus.
325 1538 354 1562 c.
375 1531 439 1571 40,
459 1531 492 1563 5.
519 1528 578 1571 23,
599 1532 631 1571 5,
654 1534 694 1563 11
724 1530 769 1564 ab
794 1530 878 1564 ulti-

134 1573 202 1608 mis
238 1577 419 1609 terrarum
455 1576 538 1611 oris.
577 1575 636 1619 28,
666 1580 719 1618 12,
751 1580 803 1611 10.
837 1577 879 1610 in

133 1620 299 1655 ultimam
318 1621 526 1666 Hispaniae
549 1633 659 1657 oram.
687 1622 746 1664 21,
768 1626 824 1665 31,
845 1627 877 1657 9.

127 1676 197 1710 per
240 1671 432 1703 extremam
476 1679 577 1703 oram
621 1669 876 1705 Vocontiorum

135 1723 225 1757 ayri.

180 1769 212 1799 6.
238 1767 429 1801 summissa
455 1787 497 1792 —-
524 1767 689 1813 fastiyio]
718 1785 761 1798 =
784 1780 875 1813 quae

130 1813 358 1847 summissum
375 1814 566 1858 fastiyium
584 1815 744 1850 habebat.
779 1826 873 1850 sum-

130 1858 267 1893 mittere
297 1869 332 1893 se
364 1871 393 1895 c.
415 1864 470 1903 31,
492 1864 513 1895 6
552 1877 595 1890 =
632 1861 711 1896 sich
742 1862 872 1897 herab-

131 1903 253 1939 lassen
273 1906 453 1951 (geistig);
475 1909 577 1942 sonst
596 1925 639 1937 =
661 1908 872 1953 (r‘aumlich)

131 1950 210 1985 sich
235 1951 445 1995 abdachen3
477 1953 550 1999 vgl.
572 1954 632 1996 24,
653 1958 709 1998 34,
730 1959 750 1990 3
777 1966 870 1990 sum-

129 1998 240 2032 missa
265 2000 440 2043 quaedam
467 2017 510 2029 =
535 2001 682 2046 niedrig
700 2001 871 2046 liegende

127 2043 283 2079 Punkte.

177 2097 352 2144 ambibat]
371 2100 576 2144 „umgab“;
596 2101 635 2135 in
647 2100 872 2136 raumlicher

125 2141 315 2187 Hinsicht;
355 2145 429 2190 vgl.
455 2156 484 2181 c.
512 2149 545 2189 8,
576 2151 617 2181 17
651 2148 790 2183 ambitu
827 2149 871 2182 li-

130 2191 259 2224 torum.

181 2246 212 2277 ⁷.
233 2243 430 2289 leviumque
448 2256 630 2280 armorum
648 2247 821 2282 Balearis
839 2251 872 2282 et

132 2286 260 2334 Afros]
305 2301 342 2325 es
386 2291 469 2326 sind
508 2291 751 2329 Schleuderer
794 2294 870 2328 und

134 2332 431 2377 Speerschi'itzen.
477 2339 606 2374 levium
625 2351 808 2375 armorum
820 2341 871 2375 ist

131 2379 259 2425 haufig
299 2383 435 2419 nahere
472 2384 731 2433 Bestimmung
768 2386 870 2422 einer

129 2425 292 2472 Truppe;
331 2431 558 2467 namentlich
593 2434 722 2469 levium
753 2445 868 2469 armo-

129 2483 212 2508 rum
239 2477 394 2511 auxilia.

178 2529 210 2561 8.
244 2530 513 2572 praedamnata
536 2532 612 2577 spe]
639 2533 713 2575 „im
732 2545 867 2569 voraus

129 2574 366 2610 verzichtend
397 2577 500 2619 auf“;
530 2580 795 2622 praedamnare
820 2580 870 2615 ist

130 2628 204 2653 von
233 2620 311 2656 Liv.
348 2633 422 2658 neu
452 2624 618 2668 gebildet
649 2626 724 2660 und
755 2627 870 2661 findet

131 2665 209 2700 sich
229 2667 323 2702 auch
342 2669 402 2704 bei
420 2670 499 2705 ihm
518 2683 586 2705 nur
605 2671 685 2707 hier
697 2672 736 2706 in
749 2673 869 2708 dieser

128 2711 363 2757 Bedeutung3
389 2715 427 2751 in
446 2718 511 2752 der
531 2723 561 2752 1.
584 2717 736 2754 Dekade
763 2720 868 2754 zwei·

129 2758 205 2793 mal
231 2759 281 2794 im
306 2761 552 2805 cigentlichen
580 2765 708 2800 Sinne:
735 2767 868 2802 vorher

128 2806 362 2843 verurteilen.
413 2808 448 2852 4,
468 2813 524 2853 41,
546 2816 599 2846 11.
627 2813 660 2855 5,
686 2817 740 2857 11,
764 2817 816 2848 12.

948 1674 1099 1709 wiirden
1126 1675 1183 1709 die
1204 1675 1336 1710 Hohen
1362 1677 1474 1719 sein“,
1502 1678 1535 1712 d.
1556 1679 1592 1713 h.
1615 1689 1689 1713 was

947 1721 1098 1755 wsirden
1130 1722 1182 1756 sie
1215 1733 1257 1756 zu
1291 1734 1405 1767 sagen
1437 1725 1573 1768 haben,
1614 1736 1690 1761 was

946 1766 1113 1802 hindern.

996 1824 1048 1855 10.
1082 1831 1150 1864 per
1193 1822 1325 1856 tumuli
1368 1823 1530 1869 obliqua]
1576 1825 1690 1866 „siber

946 1866 1004 1900 die
1054 1866 1233 1912 Abh'ange
1285 1868 1348 1903 des
1396 1868 1538 1914 Hsigels
1589 1871 1688 1905 hin“.

946 1913 1095 1947 Sowohl
1122 1913 1175 1947 als
1202 1914 1398 1959 Adjektiv,
1431 1917 1500 1951 wie
1527 1917 1583 1951 als
1607 1918 1689 1952 sub-

945 1960 1196 1995 stantiviertes
1222 1960 1404 1996 Neutrum
1436 1962 1486 1998 ist
1511 1964 1687 2008 obliquus,

945 2007 1090 2051 obliqua
1108 2007 1146 2041 in
1161 2007 1299 2043 diesem
1314 2008 1425 2043 Sinne
1439 2009 1544 2044 nicht
1558 2010 1686 2055 selten3

944 2053 1040 2087 also:
1090 2054 1234 2098 obliquo
1280 2059 1396 2090 monte
1439 2073 1483 2085 =
1527 2057 1685 2102 bergab;

938 2110 1007 2143 per
1039 2100 1238 2145 obliquum,
1272 2102 1312 2136 in
1343 2103 1525 2147 obliquum
1556 2106 1687 2139 montis

943 2157 978 2180 u.
1004 2157 1037 2181 a.

990 2199 1122 2242 infimo
1169 2203 1321 2235 stantem
1375 2204 1584 2249 supercilio]
1641 2216 1686 2239 zu

943 2249 1040 2280 stare
1054 2246 1124 2280 mit
1143 2246 1226 2281 dem
1247 2247 1399 2283 Ablativ
1424 2249 1499 2293 vgl.
1515 2261 1544 2284 c.
1561 2254 1614 2293 17,
1630 2255 1683 2287 17.

943 2294 1071 2328 castris
1114 2294 1314 2329 tendebant.
1360 2314 1404 2319 ——
1450 2298 1684 2340 supercilium

941 2338 1010 2373 mit
1029 2339 1129 2374 einer
1147 2351 1233 2375 vom
1252 2341 1528 2377 menschlichen
1541 2343 1684 2389 Korper

941 2385 1008 2420 auf
1046 2387 1133 2421 Orte
1176 2387 1446 2432 fibertragenen
1488 2390 1683 2435 Metapher

942 2434 1027 2477 sagt
1045 2433 1124 2468 Liv.
1146 2434 1240 2469 auch
1260 2438 1361 2480 terya
1373 2437 1517 2480 montis,
1537 2438 1682 2472 dorsum

940 2480 1041 2514 collis
1065 2492 1099 2514 u.
1127 2492 1158 2515 a.

989 2537 1042 2567 11.
1063 2544 1132 2578 per
1157 2534 1316 2580 aspreta]
1344 2535 1412 2569 mit
1437 2535 1502 2570 der
1521 2534 1682 2581 Endung

941 2582 1017 2614 tum
1055 2581 1143 2615 oder
1181 2584 1274 2615 etum
1310 2581 1429 2616 bildet
1460 2581 1524 2616 das
1556 2583 1679 2618 Latei-

940 2625 1678 2664 nischeKollektivnamenvonPflanzen:

939 2672 1163 2716 fruticetum,
1189 2677 1401 2717 quercetum,
1425 2675 1594 2717 vinetum,
1613 2677 1679 2711 du-

939 2722 1085 2761 metum;
1135 2720 1209 2764 vgl.
1253 2719 1450 2764 Dornicht‚
1493 2722 1677 2766 Dickicht,

939 2765 1130 2801 Robricht.

988 2813 1080 2847 nihil
1123 2813 1227 2848 aluid
1264 2814 1385 2859 quam]
1431 2815 1500 2850 mit
1537 2815 1677 2860 Elljpse

1343 2872 1393 2906 3*

1732 247 1750 276 7

1104 412 1263 467 Scipio,
1295 415 1600 457 circumvectus
1634 429 1698 456 or·
1726 420 1746 451 8

1726 886 1769 915 10

1725 1117 1765 1148 11

1723 1234 1766 1264 12
