1926 3219
214 117 270 160 82
713 118 857 152 LIBER
883 117 1028 151 XXVII.
1080 117 1183 152 CAP.
1210 122 1265 152 48.

167 233 190 263 4
216 225 438 266 instructis
483 225 755 277 armatisque.

1610 139 1635 158 a.
1656 140 1683 158 u.
1705 134 1767 160 547.

831 223 902 263 sed
946 222 1020 263 ubi
1065 224 1202 264 omnis
1253 225 1396 278 copias
1449 227 1769 280 coniunxerunt,

216 283 466 335 derectaque
512 282 623 322 acies
669 284 751 332 est,
796 279 998 322 Claudius
1043 281 1191 322 dextro
1236 282 1280 322 in
1325 296 1474 337 cornu,
1524 284 1669 326 Livius
1715 286 1768 326 ab

218 341 390 382 sinistro
430 353 618 393 pugnam
657 339 848 390 instruit,
892 338 1032 379 media
1072 339 1182 379 acies
1223 341 1410 392 praetori
1452 343 1612 384 tuenda
1655 343 1768 384 data.

170 408 189 436 5
216 397 462 440 Hasdrubal
502 397 659 437 omissa
691 397 929 437 munitione
963 398 1201 438 castrorum
1233 400 1461 452 postquam
1493 400 1769 455 pugnandum

214 457 339 509 vidit,
384 456 427 496 in
472 455 612 509 prima
650 456 739 496 acie
779 457 876 496 ante
919 455 1041 509 signa
1080 455 1330 508 elephantos
1367 456 1499 509 locat,
1543 460 1654 500 circa
1697 473 1769 501 eos

217 515 338 556 laevo
365 514 410 554 in
436 528 568 555 cornu
596 513 798 555 adversus
823 512 1046 555 Claudium
1067 512 1214 554 Gallos
1243 514 1435 567 opponit,
1465 515 1578 556 haud
1602 519 1771 558 tantum

169 582 187 612 6
215 573 267 613 iis
300 573 447 624 fidens,
480 575 688 626 quantum
715 573 767 613 ab
795 572 918 614 hoste
943 572 1087 613 timeri
1114 586 1185 613 eos
1213 572 1429 625 credebat3
1460 573 1551 626 ipse
1578 574 1771 616 dextrum

216 645 346 672 cornu
398 631 600 672 adversus
644 630 700 671 M.
745 630 916 673 Livium
970 631 1049 671 sibi
1103 633 1230 684 atque
1275 629 1481 685 Hispanis
1526 654 1582 660 —
1628 636 1670 674 et
1711 634 1772 674 ibi

215 690 399 730 maxime
438 689 482 730 in
519 691 661 730 vetere
701 690 835 730 milite
875 704 991 742 spem
1031 689 1219 730 habebat
1261 713 1307 718 ——
1356 690 1556 743 sumpsit3
1593 689 1771 745 Ligures

171 757 189 787 7
218 748 262 788 in
306 748 446 789 medio
491 750 590 802 post
635 748 887 801 elephantos
933 748 1074 801 positi.

170 815 190 846 8
218 807 330 847 acies
370 809 480 859 erat3
519 805 667 847 Gallos
708 806 954 859 prominens
989 805 1109 847 collis
1142 807 1328 859 tegebat.

1145 748 1217 788 sed
1260 748 1432 802 longior
1476 762 1603 801 quam
1646 748 1773 790 latior

1392 821 1440 848 ea
1470 806 1609 860 from,
1647 821 1774 861 quam

216 865 399 919 Hispani
438 865 660 916 tenebant,
700 878 794 905 cum
835 864 1008 904 sinistro
1041 863 1332 905 Romanorum
1372 879 1504 906 cornu
1544 865 1775 918 concurrit3

218 923 367 964 dextra
413 923 551 964 omnis
596 922 706 963 acies
753 924 873 962 extra
916 922 1127 975 proelium
1167 923 1355 963 eminens
1395 924 1608 977 cessabat3
1652 924 1775 964 collis

217 982 444 1036 oppositus
471 980 657 1033 arcebat,
688 995 741 1021 ne
768 983 842 1021 aut
873 995 897 1021 a
921 980 1065 1021 fronte
1092 983 1165 1021 aut
1190 981 1243 1021 ab
1270 981 1402 1021 latere
1431 981 1777 1036 adgrederentur.

169 1049 188 1079 9
216 1040 329 1080 inter
377 1039 547 1080 Livium
597 1038 996 1093 Hasdrubalemque
1049 1039 1203 1092 ingens
1247 1041 1514 1080 contractum
1561 1044 1775 1081 certamen

217 1101 320 1151 erat,
353 1100 559 1151 atroxque
593 1097 742 1138 caedes
776 1098 991 1151 utrimque
1024 1097 1239 1137 edebatur.
1290 1097 1352 1137 ibi
1385 1097 1511 1138 duces
1546 1098 1684 1152 ambo,
1716 1098 1776 1139 ibi

216 1171 315 1211 pars
366 1156 502 1197 maior
553 1156 743 1209 peditum
792 1156 1066 1209 equitumque
1117 1154 1428 1208 Romanorum,
1477 1156 1537 1197 ibi
1581 1155 1776 1211 Hispani,

149 1224 191 1255 10
218 1218 341 1256 vetus
385 1215 506 1255 miles
544 1215 791 1268 peritusque
824 1214 1043 1256 Romanae
1081 1228 1269 1268 pugnae,
1308 1216 1351 1254 et
1386 1213 1585 1268 Ligures,
1625 1214 1776 1256 durum

218 1274 263 1314 in
308 1273 438 1314 armis
483 1286 628 1327 genus.

700 1273 847 1314 eodem
892 1272 1004 1313 versi
1043 1272 1279 1326 elephanti,
1326 1272 1399 1326 qui
1438 1273 1575 1326 primo
1614 1273 1777 1326 impetu

150 1342 190 1372 11
218 1331 497 1373 turbaverant
530 1332 836 1386 antesignanos
870 1333 912 1372 et
949 1332 1036 1372 iam
1070 1331 1194 1386 signa
1222 1333 1448 1372 moverant
1479 1331 1590 1385 loco,
1623 1332 1774 1373 deinde

220 1392 433 1432 crescente
466 1391 694 1431 certamine
728 1393 771 1431 et
803 1390 989 1432 elamore
1028 1390 1293 1444 inpotentius
1334 1390 1419 1430 iam
1457 1390 1549 1444 regi
1589 1393 1630 1431 et
1668 1390 1778 1431 inter

221 1448 325 1490 duas
358 1449 471 1490 acies
503 1449 675 1502 versari,
709 1449 825 1489 velut
857 1449 1021 1501 incerti,
1053 1462 1233 1502 quorum
1267 1451 1421 1500 essent,
1452 1448 1566 1489 haud
1593 1449 1778 1495 dissimi->

150 1517 192 1548 12
220 1508 319 1548 liter
362 1507 544 1548 navibus
592 1508 680 1548 sine
728 1508 1015 1562 gubernaculo
1060 1507 1193 1562 vagis.

1261 1505 1463 1547 Claudius
1507 1507 1632 1560 „quid
1677 1521 1777 1561 ergo

218 1566 444 1620 praecipiti
487 1580 611 1607 cursu
649 1569 740 1607 tam
778 1566 956 1621 longum
994 1565 1077 1606 iter
1116 1565 1275 1606 emensi
1315 1564 1512 1606 sumus“‘?
1551 1565 1778 1606 clamitans

215 1691 428 1738 Kampfes⁴‘.
456 1693 533 1727 Liv.
556 1694 654 1737 sagt:
683 1702 862 1727 conserere
886 1703 962 1727 ma-

215 1751 302 1782 mas,
332 1751 513 1784 pugmam,
549 1743 743 1782 certamen,
772 1740 962 1783 proelium,

216 1798 326 1831 sogar
352 1787 434 1821 belli
460 1790 564 1822 artes.

265 1838 297 1868 4.
324 1834 534 1878 derectaque
575 1834 682 1876 acies]
728 1832 963 1867 technischer

215 1880 413 1915 Ausdruck
445 1881 503 1914 fiir
536 1880 728 1914 korrektes
756 1878 963 1914 Aufstellen

218 1928 283 1962 der
313 1926 580 1962 Schlachtlinie
619 1927 684 1969 22,
711 1930 768 1969 44,
794 1930 824 1960 4.
860 1938 894 1961 u.
930 1937 960 1961 0.

258 1985 426 2019 puynam
453 1995 496 1999 —
522 1974 690 2019 instruit]
726 1973 796 2007 wie
822 1972 881 2015 26,
908 1976 964 2015 25,

219 2025 263 2056 10
283 2022 434 2055 instruit
457 2041 497 2045 --
521 2022 648 2055 bellum
663 2037 707 2049 =
722 2020 819 2063 „tras
837 2020 896 2055 die
911 2031 964 2054 er-

217 2068 467 2103 forderlichen
492 2067 789 2112 Vorkehrungen
816 2068 892 2101 zu“.

266 2115 403 2149 tuenda
435 2134 477 2139 —
510 2115 614 2159 data]
655 2115 728 2158 vgl.
769 2114 828 2156 22,
858 2118 914 2156 45,
944 2116 964 2147 8

220 2162 316 2198 ohne
349 2161 428 2195 dass
464 2173 509 2196 an
548 2160 608 2195 ein
640 2161 842 2195 defensives
875 2161 965 2195 Ver-

220 2209 349 2244 halten
376 2220 419 2242 zu
446 2208 591 2243 denken
617 2211 725 2242 ware.

269 2259 300 2290 5.
328 2256 499 2290 adversus
516 2275 558 2280 -
574 2255 738 2300 opponit]
766 2255 868 2289 sonst
887 2264 965 2288 ver-

219 2301 351 2336 bindet
370 2301 447 2337 Liv.
475 2303 624 2346 opponit
643 2302 712 2335 mit
731 2302 815 2336 dem
835 2301 964 2344 Dativ;

222 2349 292 2383 mit
323 2350 495 2383 adversus
533 2349 649 2383 selten
674 2348 740 2391 30,
769 2352 823 2390 10,
850 2352 881 2382 5.
902 2349 966 2382 acl-

222 2406 344 2430 versus
369 2397 498 2430 hostem
523 2396 699 2440 opposuit.

273 2447 303 2477 7.
332 2443 593 2486 longliorquam
613 2442 738 2487 latior]
760 2441 887 2483 „mehr
900 2441 970 2475 tief

223 2489 279 2524 als
304 2489 434 2524 breit“.
467 2489 523 2524 Da
549 2490 658 2523 latior
682 2488 882 2522 zweifellos
909 2488 967 2522 die

225 2536 347 2571 Breitc
380 2536 444 2570 der
469 2536 583 2571 Front
608 2535 841 2577 bezeichnet,
869 2534 968 2569 kann

225 2583 302 2617 sich
317 2584 458 2628 loieyior
477 2595 544 2617 nur
565 2582 630 2617 auf
641 2582 699 2617 die
715 2582 968 2625 Ausdehnung

224 2630 263 2664 in
302 2630 367 2664 der
405 2630 559 2665 zweiten
597 2629 786 2673 Richtung
822 2645 866 2657 =
903 2628 967 2662 der

227 2677 332 2711 Tiefe
358 2677 545 2711 beziehen.
572 2676 647 2720 vgl.
673 2675 733 2718 33,
756 2679 787 2717 8,
811 2679 863 2710 14.
891 2676 968 2709 (Zu-

224 2725 371 2768 plicat
397 2725 568 2768 (ordines)
601 2727 641 2758 ut
668 2722 807 2767 lonqa‘
833 2723 969 2766 potius,

225 2782 334 2815 quam
360 2771 454 2805 lata
481 2772 572 2805 acies
597 2774 691 2805 esset.

277 2822 307 2852 8.
335 2828 376 2851 ea
398 2818 516 2863 frons]
545 2816 686 2862 Fh'igel.
715 2827 743 2851 0.
767 2820 821 2859 14,
843 2820 874 2850 5.
890 2816 970 2860 pri—

225 2875 322 2900 mam
347 2884 393 2889 -—-
417 2865 581 2907 frontem.

1084 1694 1188 1726 extra
1221 1692 1399 1734 proelium
1435 1692 1607 1737 eminens]
1650 1694 1779 1737 „ragte

1035 1739 1126 1772 fiber
1141 1738 1199 1772 die
1213 1737 1328 1773 Stelle
1342 1738 1483 1780 hinaus,
1498 1749 1555 1773 wo
1568 1738 1779 1782 dereigent—

1036 1785 1132 1820 liche
1158 1784 1297 1829 Kampf
1319 1783 1537 1819 stattfand“.
1571 1788 1673 1819 sonst
1697 1786 1779 1820 cmi-

1035 1843 1118 1866 πονε
1144 1844 1166 1866 a
1193 1835 1306 1866 cetera
1332 1833 1424 1874 acie,
1452 1831 1538 1866 oder
1565 1843 1588 1866 a
1613 1833 1782 1866 cornibus

1036 1881 1144 1913 unter
1155 1878 1517 1923 Beriicksjchtigung
1530 1878 1592 1912 des
1604 1879 1780 1920 Punktes‚

1037 1937 1083 1961 an
1109 1926 1192 1959 dem
1219 1926 1285 1960 das
1311 1916 1525 1970 Uberragen
1550 1925 1716 1970 beginnt.

1086 1973 1245 2018 arcebat]
1298 1989 1341 2000 =
1391 1973 1641 2016 impedimento
1693 1976 1780 2007 erat.

1038 2019 1108 2054 wie
1129 2020 1319 2063 prohibere
1343 2018 1411 2053 hat
1434 2018 1511 2054 Liv.
1539 2019 1633 2054 auch
1662 2030 1783 2054 arcere

1037 2066 1229 2101 bisweilen
1267 2066 1335 2100 mit
1360 2077 1418 2107 ne,
1453 2066 1548 2100 nach
1585 2076 1783 2111 vorausge-

1038 2124 1226 2157 gangener
1257 2113 1443 2158 Negation
1480 2113 1550 2146 mit
1581 2113 1680 2156 quin.
1719 2112 1780 2155 26,

1038 2164 1094 2202 44,
1122 2163 1153 2195 9.
1180 2171 1290 2204 neque
1317 2181 1360 2184 —
1383 2171 1504 2194 arcere
1528 2163 1672 2204 queunt,
1693 2160 1783 2204 quin

1038 2208 1200 2242 certatim
1226 2208 1430 2241 ascendant.

1088 2257 1140 2288 10.
1169 2254 1301 2288 (lurum
1326 2255 1367 2287 in
1393 2253 1520 2297 armis]
1547 2253 1612 2287 das
1638 2252 1781 2295 Gebiet,

1038 2302 1075 2336 in
1095 2299 1274 2335 welchem
1300 2300 1359 2334 ein
1378 2299 1554 2343 Adjektiv
1574 2298 1655 2343 gilt,
1683 2298 1782 2333 steht

1039 2346 1160 2382 ausser
1192 2347 1261 2380 mit
1286 2347 1333 2381 ad
1359 2347 1451 2380 auch
1483 2346 1553 2380 mit
1578 2347 1618 2380 in
1652 2356 1681 2380 c.
1708 2345 1781 2380 abl.

1042 2394 1076 2436 1,
1103 2397 1142 2436 4,
1170 2397 1190 2427 8
1216 2404 1279 2427 nec
1305 2395 1351 2427 in
1376 2393 1530 2428 stabulis
1555 2403 1618 2427 ozee
1643 2393 1698 2427 ad
1716 2402 1782 2436 pe—

1040 2450 1125 2475 cora
1149 2451 1279 2484 seques.

1091 2491 1143 2520 11.
1170 2488 1392 2530 inpotentius
1418 2487 1493 2520 iam
1513 2485 1604 2530 φερέ]
1633 2484 1708 2527 „sie
1729 2495 1783 2519 er-

1039 2534 1172 2577 trugen
1204 2534 1311 2567 keine
1337 2533 1496 2577 Leitung
1526 2533 1664 2566 mehr“.
1708 2531 1783 2575 vgl.

1041 2592 1070 2615 c.
1098 2584 1153 2622 28,
1181 2584 1212 2615 3.
1240 2581 1419 2625 sayaciter
1443 2580 1530 2614 moti
1553 2582 1647 2613 szmt.

1090 2632 1143 2663 12.
1203 2627 1396 2672 Claudias]
1475 2624 1784 2669 wir-kungsvolles

1043 2674 1271 2718 Asyndeton,
1291 2685 1352 2708 um
1383 2674 1447 2707 das
1468 2672 1682 2716 Eingreifen
1709 2671 1784 2706 des

1043 2721 1245 2756 Feldherrn
1264 2733 1306 2754 zu
1327 2720 1459 2763 malen,
1480 2720 1563 2753 dem
1584 2719 1643 2753 die
1657 2718 1784 2753 Palme

1043 2768 1212 2813 gebfihrt.

1086 2814 1284 2858 praecipiti
1298 2814 1420 2859 cursu]
1440 2823 1610 2857 praeceps
1628 2823 1701 2846 von
1721 2811 1785 2846 der

1044 2861 1256 2906 Bewegung
1275 2861 1339 2895 der
1353 2861 1478 2906 hastig
1491 2859 1703 2895 Laufenden
1723 2857 1789 2892 auf
