1926 3219
167 143 193 162 α.
215 136 267 162 Ch.
289 137 348 161 207.

624 121 766 156 LIBER
793 119 938 155 XXVII.
991 120 1091 156 CAP.
1119 124 1173 155 40.
1201 125 1256 155 41.
1666 118 1719 159 71

169 230 344 284 equites,
378 228 530 282 quibus
564 230 709 270 consul
743 230 942 272 adversus
970 227 1257 269 Hannibalem
1290 241 1377 268 rem
1411 229 1594 282 gereret:
1626 226 1722 267 reli-

167 302 273 342 quas
319 287 462 340 copias
508 286 719 329 Hostilius
758 287 949 342 Capuam
994 287 1143 328 ducere
1188 287 1347 339 iussus,
1399 289 1444 326 ut
1484 284 1530 334 Q.
1570 284 1720 326 Fulvio

170 345 417 400 proconsuli
449 346 647 387 traderet.

286 403 505 445 Hannibal
546 404 728 459 undique
767 407 984 446 contracto
1023 403 1227 454 exercitu,
1272 416 1397 456 quem
1439 402 1482 443 in
1526 401 1716 442 hibernis
1743 404 1791 439 41

169 466 243 504 aut
281 463 324 504 in
364 462 588 516 praesidiis
628 463 721 516 agri
758 462 918 503 Bruttii
956 462 1181 509 habuerat,
1219 461 1262 500 in
1296 459 1489 501 Lucanos
1531 459 1582 500 ad
1615 458 1722 500 Gru-

168 524 359 563 mentum
387 522 503 561 venit
529 535 602 574 spe
629 519 858 574 recipiendi
886 519 1052 572 oppida,
1078 531 1185 572 quae
1212 531 1287 570 per
1314 522 1475 558 metum
1497 518 1549 558 ad
1569 517 1721 559 Roma-

168 594 246 621 nos
280 579 542 620 defecissent.
600 578 745 619 eodem
778 592 802 617 a
833 576 1023 617 Venusia
1055 575 1206 617 consul
1237 575 1453 616 Romanus
1487 576 1719 629 exploratis
1748 583 1767 614 2

170 639 393 680 itineribus
426 636 657 688 contendit,
689 638 732 676 et
763 635 878 676 mille
911 634 997 675 fere
1030 638 1071 675 et
1105 634 1362 688 quingentos
1395 648 1547 688 passus
1581 636 1722 675 castra

169 697 222 738 ab
255 697 376 738 hoste
403 696 526 736 locat.
563 693 785 734 Grumenti
812 693 1035 735 moenibus
1062 706 1192 747 prope
1225 692 1464 733 iniunctum
1497 691 1722 733 videbatur
1748 700 1768 731 3

170 755 409 796 Poenorum
441 752 619 805 vallum,
652 753 874 807 quingenti
907 766 1057 805 passus
1090 751 1337 791 intererant.

1394 756 1535 791 castra
1560 750 1721 792 Punica
1747 758 1771 788 4

168 827 217 854 ac
237 812 431 853 Romana
450 810 734 852 interiacebat
754 825 947 865 campus,
974 809 1102 851 colles
1124 808 1405 850 imminebant
1424 808 1526 849 nudi
1547 809 1722 851 sinistro

167 871 292 912 lateri
326 867 765 922 Carthaginiensium,
798 869 946 910 dextro
978 867 1287 920 Romanorum,
1328 867 1491 908 neutris
1525 867 1724 921 suspecti,

169 928 280 983 quod
312 927 421 968 nihil
454 928 585 968 silvae
617 942 751 982 neque
785 927 836 968 ad
870 927 1048 968 insidias
1087 926 1348 967 latebrarum
1387 925 1617 966 habebant.

1679 926 1769 966 in5

170 987 310 1028 medio
344 1000 493 1040 campo
523 986 575 1027 ab
604 987 862 1028 stationibus
890 987 1190 1040 procursantes
1217 984 1449 1025 certamina
1474 983 1587 1025 haud
1616 985 1722 1025 satis

169 1045 302 1100 digna
333 1045 449 1085 dictu
482 1045 690 1086 serebant.
740 1044 783 1086 id
816 1044 942 1085 modo
969 1044 1209 1085 Romanum
1243 1056 1444 1096 quaerere
1478 1043 1724 1096 apparebat,

166 1118 218 1145 ne
265 1104 381 1144 abire
429 1103 599 1144 hostem
643 1105 877 1157 pateretur:
923 1101 1140 1143 Hannibal
1185 1101 1282 1142 inde
1327 1101 1502 1142 evadere
1549 1101 1724 1155 cupiens

167 1163 272 1204 totis
306 1161 467 1203 viribus
501 1162 543 1202 in
577 1162 710 1203 aciem
743 1161 1035 1202 descendebat.
1083 1163 1174 1201 tum
1207 1159 1355 1201 consul
1386 1159 1558 1213 ingenio
1584 1159 1723 1201 hostis
1751 1167 1771 1198 6

168 1236 287 1274 usus,
327 1234 410 1274 quo
450 1220 590 1261 minus
629 1221 673 1261 in
710 1223 801 1261 tam
834 1220 992 1274 apertis
1027 1219 1208 1261 collibus
1239 1218 1383 1259 timeri
1415 1217 1595 1259 insidiae
1629 1221 1725 1272 pot-

167 1281 302 1332 erant,
339 1278 525 1333 quinque
552 1279 740 1320 cohortis
769 1278 925 1320 additis
953 1278 1140 1333 quinque
1166 1276 1397 1330 manipulis
1423 1279 1548 1318 nocte
1574 1277 1725 1331 iugum

173 1351 371 1392 superare
405 1339 446 1377 et
477 1337 521 1377 in
555 1337 715 1378 aversis
748 1337 933 1378 vallibus
967 1336 1182 1378 considere
1214 1335 1344 1376 iubet.

1405 1337 1572 1389 tempus
1606 1349 1724 1376 exur-
1751 1344 1770 1375 7

171 1396 298 1450 gendi
330 1409 379 1436 ex
411 1395 577 1436 insidiis
610 1398 653 1436 et
684 1395 957 1450 adgrediendi
987 1394 1155 1435 hostem
1188 1393 1252 1434 Ti.
1279 1391 1504 1434 Claudium
1531 1393 1726 1434 Asellum

167 1454 389 1495 tribunum
426 1453 608 1494 militum
647 1456 691 1494 et
721 1453 767 1494 P.
800 1452 1026 1495 Claudium
1064 1452 1329 1506 praefectum
1368 1452 1529 1493 socium
1568 1451 1727 1505 edocet,

169 1527 276 1566 quos
309 1526 404 1553 cum
436 1512 488 1553 iis
522 1512 735 1567 mittebat3
774 1512 866 1566 ipse
896 1513 989 1553 luce
1021 1511 1160 1566 prima
1193 1510 1338 1565 copias
1370 1510 1507 1552 omnis
1534 1510 1726 1564 peditum
1752 1519 1773 1552 8

168 1571 441 1625 equitumque
489 1571 533 1611 in
578 1570 710 1612 aciem
754 1571 907 1612 eduxit.

981 1570 1110 1624 paulo
1155 1572 1255 1623 post
1301 1571 1342 1609 et
1384 1569 1436 1610 ab
1481 1568 1726 1611 Hannibale

171 1630 343 1684 signum
375 1642 545 1683 pugnae
577 1629 846 1683 propositum
879 1631 960 1682 est,
993 1629 1237 1682 clamorque
1269 1627 1313 1668 in
1345 1627 1496 1668 castris
1531 1627 1582 1668 ad
1609 1642 1727 1669 arma

169 1687 498 1730 discurrentium
525 1691 591 1728 est
616 1688 821 1729 sublatus.
872 1687 969 1728 inde
1003 1701 1129 1741 eques
1161 1686 1372 1740 pedesque
1406 1686 1601 1727 certatim
1633 1700 1727 1740 por—

167 1848 276 1872 wenn
303 1849 340 1872 es
360 1837 556 1872 nachsteht
574 1837 626 1872 im
646 1836 908 1872 Maskulinum.

168 1884 393 1929 Umgestellt
429 1884 479 1918 ist
516 1884 599 1919 dem
639 1884 830 1919 Chiasmus
869 1896 911 1918 zu

169 1929 298 1966 Liebe:
332 1942 360 1966 c.
393 1935 456 1973 49,
488 1935 519 1966 6.
552 1932 820 1976 quinquaqinta
851 1942 912 1965 sex

168 1979 273 2013 milia
291 1998 336 2003 -—
356 1979 485 2021 occisa,
505 1982 612 2022 capta
631 1979 787 2023 quinque
809 1979 913 2013 milia

169 2028 201 2060 et
220 2026 488 2070 quadrinyenti‚

217 2082 247 2107 c.
263 2071 323 2115 41,
340 2076 370 2106 1.
387 2083 454 2116 per
467 2072 612 2117 metum]
635 2083 723 2115 „aus
738 2071 908 2106 Furcht“.

167 2119 242 2164 vgl.
270 2129 300 2153 c.
329 2122 382 2160 16,
411 2123 442 2153 6.
462 2130 531 2163 pei·
556 2129 719 2154 errorem.

217 2169 249 2199 3.
262 2165 482 2210 iniunctum]
500 2165 756 2210 Bezeichnung
769 2165 834 2200 der
847 2177 911 2199 un-

171 2212 443 2246 mittelbarsten
456 2213 707 2257 Verbindung.
734 2212 793 2255 22,
808 2216 864 2255 20,
880 2217 911 2247 5.

168 2262 259 2293 tecta
284 2260 453 2294 iniuncta
477 2270 590 2294 muro.
623 2258 656 2302 5,
675 2263 705 2302 7,
720 2263 751 2294 2.
789 2261 913 2294 vineae

173 2325 214 2329 —
240 2306 427 2341 iniunctae
451 2307 644 2341 moenibus

217 2356 247 2385 4.
275 2353 525 2400 interiacebat]
557 2353 607 2387 ist
638 2353 676 2387 in
707 2353 780 2387 ein
806 2352 914 2387 Wort

170 2410 214 2432 zu
245 2399 453 2442 schreiben;
486 2412 550 2434 zur
574 2399 844 2435 Konstruktion
878 2400 910 2442 7,

167 2448 224 2487 29,
247 2449 266 2479 6
292 2446 489 2488 (planities)
510 2458 601 2490 quae
621 2447 784 2491 Capuam
807 2447 840 2480 T
840 2447 911 2490 ifa—

169 2495 276 2536 taque
299 2493 496 2527 interiacet.

216 2539 318 2574 colles
337 2559 380 2564 —
394 2539 502 2584 medi]
529 2538 599 2573 wie
620 2540 789 2583 ‚‚nackt“,
810 2540 914 2574 dient

168 2586 290 2620 nudus
328 2598 390 2620 zur
427 2585 685 2631 Bezeichnung
723 2586 787 2620 des
824 2585 913 2620 Ent-

168 2630 378 2667 blosstseins
404 2643 477 2667 von
506 2632 718 2676 Gebaludem
744 2632 914 2667 Pflanzen

169 2689 204 2712 u.
220 2689 269 2713 a.:
291 2689 319 2713 e.
335 2683 391 2723 42,
407 2684 438 2716 6.
464 2680 525 2714 via
537 2680 650 2722 nuda,
671 2679 792 2714 ferner
812 2680 914 2714 nuda

169 2725 287 2766 vallis,
319 2725 415 2760 locus
438 2727 571 2769 nudus,
597 2727 786 2761 cacumina
812 2726 914 2761 nuda

171 2783 205 2807 u.
233 2782 264 2805 a.

221 2822 254 2853 6.
279 2819 426 2863 inqenio
445 2819 555 2854 hostis
578 2820 681 2866 usus]
706 2837 749 2849 =
771 2819 914 2855 Punica

172 2865 314 2907 fraude.
341 2865 416 2910 vgl.
442 2865 500 2908 22,
531 2870 583 2909 16,
611 2871 641 2901 5.

1030 1847 1099 1881 quo
1123 1836 1259 1882 mimas]
1288 1836 1354 1871 das
1382 1836 1609 1871 Korrelativ:
1637 1836 1729 1879 „mit

983 1896 1045 1918 um
1078 1894 1116 1918 so
1149 1884 1253 1918 mehr
1278 1883 1453 1918 Aussicht
1484 1883 1550 1918 auf
1575 1882 1727 1928 Erfolg“

983 1930 1093 1972 fehlt,
1132 1941 1172 1965 so
1211 1929 1266 1965 ost
1302 1930 1362 1965 bei
1391 1929 1469 1965 Liv.
1508 1930 1611 1965 nicht
1647 1942 1727 1973 nur,

984 1988 1091 2011 wenn
1115 1977 1174 2011 ein
1194 1977 1439 2021 Komparativ
1459 1976 1566 2021 folgt,
1593 1977 1627 2020 (b
1636 1978 1707 2012 eni
1715 1997 1728 2002 -

984 2025 1133 2068 y‘nius,
1160 2034 1230 2068 quo
1255 2025 1372 2058 maior
1396 2025 1456 2058 ira
1483 2044 1526 2049 —
1553 2024 1729 2059 eminebat

986 2071 1020 2113 2,
1048 2075 1104 2115 35,
1131 2074 1165 2113 6)
1199 2071 1356 2105 sondern
1389 2070 1483 2105 auch
1515 2071 1610 2105 ohne
1641 2071 1728 2105 den-

985 2118 1111 2152 selben
1136 2117 1201 2159 23,
1231 2122 1290 2160 15,
1319 2121 1372 2152 14.
1409 2128 1478 2162 quo
1508 2117 1730 2162 frequentior

983 2175 1118 2199 mecum
1142 2165 1268 2207 fueris,
1296 2185 1338 2189 —
1365 2165 1543 2199 senties.

1031 2213 1072 2246 in
1110 2213 1246 2246 aversis
1282 2211 1453 2257 vallibus]
1499 2211 1564 2246 der
1593 2211 1728 2254 Punkt,

984 2269 1057 2293 von
1101 2258 1185 2293 dem
1226 2259 1340 2293 etwas
1382 2257 1625 2302 abgewendet
1667 2258 1729 2300 ist,

984 2305 1085 2339 kann
1117 2305 1171 2340 oft
1196 2316 1263 2339 nur
1295 2316 1359 2339 aus
1386 2305 1469 2339 dem
1497 2304 1728 2339 Zusammen-

984 2352 1106 2397 hange
1148 2354 1387 2387 entnommen
1430 2352 1593 2394 werden3
1632 2352 1728 2386 hier:

984 2409 1079 2441 „von
1112 2398 1177 2434 der
1207 2398 1464 2443 Angriffsseite
1498 2398 1563 2433 der
1595 2399 1730 2433 Romer

984 2445 1263 2490 abgewendet‘z

1033 2496 1063 2526 7.
1102 2503 1190 2537 quos
1217 2513 1258 2518 —-
1285 2492 1462 2539 mittebat]
1484 2492 1549 2527 das
1569 2491 1728 2536 Imperf.‚

984 2539 1071 2574 weil
1095 2540 1155 2574 die
1177 2539 1405 2584 Absendung
1423 2540 1519 2574 noch
1538 2538 1729 2573 andauert.

985 2585 1046 2628 30,
1061 2590 1095 2630 4,
1111 2591 1141 2620 1.
1162 2587 1304 2631 primos
1328 2587 1474 2621 ordines
1493 2605 1537 2611 —-
1557 2585 1728 2620 mittebat.

1035 2636 1066 2666 8.
1095 2634 1324 2677 propositum
1361 2633 1421 2676 est]
1468 2632 1534 2666 das
1572 2631 1731 2666 Zeichen

987 2690 1070 2712 zum
1097 2678 1253 2724 Kampfe
1279 2679 1353 2724 gab
1379 2679 1444 2712 der
1468 2678 1646 2713 Feldherr
1671 2678 1732 2713 bei

987 2724 1059 2758 den
1084 2725 1245 2760 Romen]
1270 2725 1385 2759 durch
1408 2724 1604 2760 Aufhissen
1629 2725 1732 2760 einer

987 2773 1096 2806 roten
1127 2772 1267 2817 Flagge
1301 2772 1367 2807 auf
1395 2771 1477 2806 dem
1510 2772 1730 2806 Feldherrn-

988 2818 1098 2861 zelte,
1126 2823 1228 2862 c.46,
1246 2823 1298 2853 12.
1324 2819 1438 2853 daher
1461 2819 1603 2864 siymtm
1623 2829 1730 2864 pro-

984 2867 1186 2909 ponitur.
