1926 3219
180 128 205 147 a,
227 120 278 146 Ch.
298 121 359 146 209.

681 105 824 140 LIBER
848 104 995 140 XXVII.
1047 104 1149 140 CAP.
1180 109 1232 140 15.
1676 106 1732 148 29

180 214 253 256 alii
291 213 438 268 procul
478 227 528 254 ex
572 213 753 254 navibus
800 212 1074 254 vulnerarent
1118 212 1334 254 moenium
1377 216 1733 266 propugnatores,

178 273 259 314 hae
299 285 425 314 naves
465 273 512 312 ut
551 271 603 312 ab
637 273 784 325 aperto
816 271 924 312 mari
956 271 1103 312 urbem
1135 270 1468 326 adgrederentur
1499 271 1732 313 instructae
1761 273 1779 303 7

177 332 436 385 parataeque
476 333 584 371 sunt.

653 332 696 370 et
733 332 823 370 erat
860 330 1039 370 liberum
1083 344 1197 370 mare
1242 329 1375 370 classe
1414 329 1594 380 Punica,
1637 345 1732 371 cum

177 389 403 442 Philippus
438 402 684 444 oppugnare
717 388 895 429 Aetolos
928 391 1117 441 pararet,
1155 387 1384 440 Corcyram
1417 388 1628 429 tramissa.

1690 389 1780 429 inss

177 447 361 488 Bruttiis
394 447 566 488 interim
593 446 834 488 Cauloneae
861 448 1180 499 oppugnatores
1209 447 1286 487 sub
1315 446 1545 487 adventum
1570 446 1731 487 Hanni-

177 505 301 559 balis,
332 520 384 546 ne
412 506 766 559 opprimerentur,
791 504 836 544 in
862 504 1074 544 tumulum
1101 518 1125 543 a
1150 504 1367 557 praesenti
1393 505 1554 557 impetu
1580 507 1733 559 tutum,

178 564 232 605 ad
264 566 404 605 cetera
436 564 626 616 inopem,
659 575 912 603 concessere.

298 621 477 663 Fabium
515 621 749 661 Tarentum
788 618 1053 659 obsidentem
1092 619 1182 659 leve
1221 619 1336 660 dictu
1374 623 1636 661 momentum
1679 621 1732 662 ad
1759 622 1778 651 9

178 695 269 722 rem
301 681 516 735 ingentem
549 677 800 731 potiundam
833 677 1008 718 adiuvit.

176 743 269 780 tum
308 739 360 779 ab
398 736 644 778 Hannibale
684 735 906 777 Tarentini
944 736 1176 777 habebant.

1070 678 1328 730 praesidium
1361 677 1630 720 Bruttiorum
1664 679 1732 720 da-

1245 736 1334 777 eius
1371 737 1573 789 praesidii
1615 752 1734 791 prae-

177 798 314 838 fectus
353 795 574 849 deperibat
613 808 755 835 amore
794 794 1085 845 mulierculae,
1133 795 1252 836 cuius
1292 794 1424 836 frater
1463 796 1507 835 in
1545 797 1733 837 exercitu

178 854 302 895 Fabii
340 853 526 895 consulis
560 855 663 894 erat.

725 853 760 893 is
793 853 948 894 certior
980 853 1133 894 litteris
1168 853 1327 894 sororis
1359 853 1498 894 factus
1532 854 1582 894 de
1620 869 1734 896 nova
1763 855 1806 885 10

176 911 480 954 consuetudine
520 911 706 953 advenae
739 912 961 965 locupletis
996 914 1121 966 atque
1155 912 1266 953 inter
1296 912 1515 966 popularis
1547 915 1636 953 tam
1662 913 1735 954 ho-

176 971 335 1025 norati,
381 985 499 1024 spem
540 973 690 1011 nactus
734 984 810 1024 per
855 984 1044 1011 sororem
1089 970 1280 1024 quolibet
1324 971 1474 1024 inpelli
1519 973 1735 1012 amantem

176 1044 321 1084 posse,
365 1029 465 1083 quid
514 1031 704 1083 speraret
743 1029 795 1069 ad
839 1029 1056 1070 consulem
1101 1028 1265 1069 detulit.

179 1103 289 1130 vana
321 1087 525 1142 cogitatio
558 1088 651 1128 visa
683 1090 807 1141 esset,
838 1102 915 1140 pro
947 1086 1128 1142 perfuga
1159 1087 1300 1128 iussus
1332 1087 1566 1128 Tarentum
1600 1090 1735 1129 trans-

180 1147 254 1200 ire,
287 1161 335 1188 ac
366 1160 441 1199 per
474 1160 664 1187 sororem
696 1145 912 1200 praefecto
945 1146 1211 1199 conciliatus,
1244 1146 1382 1200 primo
1410 1147 1573 1188 occulte
1599 1148 1735 1200 temp-

180 1205 313 1246 tando
353 1205 561 1258 animum,
599 1204 698 1245 dein
737 1205 840 1245 satis
875 1205 1096 1258 explorata
1127 1205 1301 1246 levitate
1333 1204 1554 1246 blanditiis
1587 1205 1736 1246 mulie-

178 1264 330 1305 bribus
369 1263 555 1317 perpulit
593 1277 688 1304 eum
721 1263 773 1304 ad
803 1263 1092 1316 proditionem
1126 1263 1346 1305 custodiae
1377 1264 1479 1316 loci,
1519 1264 1585 1304 cui
1616 1278 1736 1318 prae-

178 1322 346 1376 positus
385 1324 487 1363 erat.

557 1322 633 1362 ubi
671 1324 713 1362 et
750 1323 861 1363 ratio
900 1322 1092 1376 agendae
1129 1322 1191 1362 rei
1229 1324 1272 1362 et
1309 1324 1478 1376 tempus
1525 1322 1736 1375 convenit,

179 1381 302 1421 miles
334 1382 459 1421 nocte
491 1394 568 1434 per
600 1380 829 1421 intervalla
863 1380 1096 1421 stationum
1123 1380 1234 1421 clam
1260 1394 1311 1421 ex
1336 1381 1440 1421 urbe
1467 1381 1647 1421 emissus
1675 1395 1737 1434 ea,

179 1452 288 1493 quae
321 1440 417 1479 acta
449 1440 587 1491 erant,
627 1452 816 1493 quaeque
848 1441 897 1479 ut
929 1441 1160 1494 agerentur
1192 1441 1464 1490 convenerat,
1505 1439 1558 1480 ad
1590 1453 1737 1480 consu-

177 1497 262 1538 lem
300 1496 442 1538 refert.

510 1496 668 1538 Fabius
707 1497 859 1552 vigilia
890 1497 1031 1552 prima
1064 1497 1164 1538 dato
1198 1497 1323 1553 signo
1355 1498 1426 1552 iis,
1459 1497 1532 1552 qui
1564 1498 1608 1538 in
1641 1512 1736 1539 arce
1788 1518 1794 1526 ’

178 1558 311 1608 erant,
344 1555 497 1610 quique
530 1555 769 1596 custodiam
801 1559 950 1610 portus
977 1555 1208 1609 habebant,
1240 1557 1331 1610 ipse
1358 1556 1581 1597 circumito
1607 1559 1737 1610 portu

178 1615 232 1655 ab
264 1614 440 1669 regione
471 1614 590 1655 urbis
621 1614 667 1654 in
700 1614 907 1656 orientem
939 1628 1063 1656 versa
1095 1615 1285 1656 occultus
1319 1615 1521 1656 consedit.

1584 1629 1736 1656 canere

179 1672 277 1714 inde
308 1673 439 1714 tubae
472 1673 600 1713 simul
633 1673 686 1713 ab
720 1687 814 1714 arce
848 1673 975 1714 simul
1008 1688 1032 1714 a
1062 1676 1191 1727 portu
1224 1675 1267 1714 et
1300 1674 1352 1714 ab
1390 1674 1590 1727 navibus,
1629 1688 1738 1728 quae

181 1731 235 1772 ab
277 1734 424 1786 aperto
463 1731 571 1772 mari
611 1731 815 1785 adpulsae
855 1733 995 1785 erant,
1039 1732 1284 1786 clamorque
1322 1732 1505 1784 undique
1544 1747 1639 1773 cum
1677 1733 1738 1772 in-

179 1790 299 1845 genti
331 1789 530 1843 tumultu,
562 1789 672 1830 unde
700 1790 922 1831 minimum
949 1791 1127 1844 periculi
1155 1792 1257 1843 erat,
1291 1790 1341 1832 de
1370 1791 1580 1832 industria
1606 1793 1738 1832 ortus.

179 1848 327 1889 consul
364 1848 537 1889 interim
580 1848 750 1890 silentio
796 1849 1045 1890 continebat
1091 1863 1202 1890 suos.

177 2009 376 2054 Wendung
389 2010 506 2045 scalas
518 2010 611 2053 ferre
637 2011 725 2056 (vgl.
741 2010 800 2053 26,
816 2015 871 2055 44,
887 2012 921 2055 6)

178 2056 228 2091 ist
246 2056 493 2099 beibehalten,
520 2057 668 2092 obwohl
694 2057 746 2092 sie
773 2058 852 2092 sich
878 2070 922 2092 zu

179 2102 313 2138 Schiffe
339 2104 519 2138 befinden.

227 2154 258 2185 7.
284 2151 330 2185 ab
356 2153 478 2194 aperto
503 2151 613 2197 mari]
641 2154 805 2195 apertum
824 2162 923 2186 mare

179 2213 223 2226 =
261 2197 320 2231 die
359 2197 476 2232 offene
509 2197 595 2242 See,
633 2197 684 2232 im
716 2198 922 2242 Gegensatz

177 2255 261 2278 zum
297 2244 594 2287 Kiistenstriche3
633 2245 784 2279 liberum
824 2256 922 2290 ware

180 2291 214 2334 (ἓ
224 2292 270 2332 7).
285 2307 329 2319 =
343 2291 432 2326 freie
443 2291 521 2335 See,
537 2292 632 2326 ohne
642 2291 796 2336 Gegner.
824 2292 922 2326 Ahn-

178 2336 255 2371 lich
283 2337 332 2372 ist
353 2341 485 2382 pacato
510 2339 606 2373 mari
632 2355 676 2367 =
701 2343 733 2374 et
758 2340 803 2374 ab
828 2340 925 2374 hoste

178 2386 228 2464 gtS
224 2383 269 2417 ab
278 2386 542 2428 tempestatibus
548 2386 644 2421 mari
650 2389 737 2421 tuto.
755 2386 816 2431 30,
825 2390 881 2430 24,
890 2390 920 2420 5.

179 2452 200 2464 ..
231 2433 316 2474 ,42‚
337 2435 368 2465 3.

224 2479 256 2512 8.
284 2478 333 2511 ad
359 2481 473 2513 cetera
497 2479 654 2525 inopem]
680 2481 808 2523 „sonst
828 2480 922 2515 ohne

178 2523 326 2558 Mitter‘
342 2525 419 2567 (zur
432 2525 708 2570 Verpflegung).
747 2528 795 2562 ad
809 2531 924 2562 cetera

181 2587 225 2598 =
240 2569 294 2610 εἰς
312 2568 357 2605 τὰ
378 2568 471 2605 ἄλλα
490 2572 606 2606 findet
621 2573 699 2607 sich
712 2573 920 2608 mehrfach:

183 2615 245 2659 37,
278 2621 309 2660 τ,
343 2621 397 2652 15.
442 2618 502 2660 30,
538 2623 568 2662 1,
595 2623 617 2652 4
642 2631 676 2653 u.
713 2623 769 2664 29,
797 2624 827 2655 9.
864 2621 924 2663 35,

181 2665 246 2706 31,
271 2666 305 2697 ⁴2.
354 2664 420 2708 38,
450 2669 510 2709 14,
544 2669 574 2700 3.
615 2666 669 2700 als
702 2666 831 2700 Ersatz
867 2667 925 2700 fiir

180 2709 247 2743 das
283 2720 356 2743 von
385 2711 462 2747 Liv.
502 2712 662 2756 sparlich
696 2713 923 2758 gebrauchte

182 2756 409 2791 adverbielle
447 2763 569 2794 cetera.
603 2759 636 2803 1,
664 2764 719 2804 32,
745 2764 776 2794 2.
810 2764 924 2795 cetera

180 2804 369 2848 eyreyium.

220 2853 252 2884 9.
279 2851 328 2884 acl
365 2861 437 2884 rem
476 2851 652 2895 ingentem
679 2855 917 2900 potizmdam]

1275 1849 1410 1904 igitur
1447 1848 1738 1903 Democrates,

995 2011 1061 2045 das
1077 2010 1263 2045 Gerundiv
1281 2022 1353 2046 von
1366 2011 1658 2056 Deponentibus‚
1679 2011 1738 2045 die

994 2058 1065 2091 den
1085 2057 1237 2092 Ablativ
1262 2057 1443 2103 regieren,
1470 2057 1656 2093 erscheint
1680 2068 1740 2092 am

994 2104 1203 2149 haufigsten
1234 2105 1284 2138 im
1312 2105 1477 2148 Genitiv3
1511 2105 1740 2140 namentlich

993 2162 1072 2195 spes
1087 2152 1288 2195 potiundae
1306 2152 1421 2194 urbis,
1438 2153 1533 2187 arcis
1542 2165 1555 2194 ς
1582 2152 1741 2187 seltener

994 2198 1063 2232 wie
1082 2199 1163 2232 hier
1185 2198 1255 2233 mit
1274 2198 1555 2243 Prapositionen
1574 2199 1662 2233 oder
1687 2199 1739 2232 im

993 2245 1193 2280 Accusativ
1218 2246 1288 2280 wie
1309 2257 1338 2281 c.
1356 2249 1410 2290 11,
1425 2250 1446 2280 8
1467 2256 1597 2290 (tyrum
1616 2246 1739 2288 fruen-

995 2293 1082 2327 dum
1107 2293 1234 2327 locare.

1046 2343 1098 2374 11.
1119 2350 1191 2384 pro
1220 2339 1392 2385 peofaqa]
1425 2349 1494 2383 pro
1523 2339 1742 2374 bezeichnet

995 2386 1076 2420 hier
1109 2398 1178 2420 nur
1216 2387 1276 2421 die
1307 2397 1598 2431 angenommene
1632 2385 1740 2420 Stell-

996 2434 1222 2478 vertretung.
1257 2433 1290 2476 ⁶2,
1315 2437 1346 2477 7,
1368 2437 1400 2467 3.
1437 2434 1555 2468 abiere
1580 2433 1741 2467 Romani

995 2483 1036 2514 ut
1060 2481 1223 2522 victores,
1248 2480 1402 2515 Etrusci
1424 2491 1492 2524 pro
1517 2481 1630 2515 vietis.

1044 2531 1098 2562 13.
1125 2527 1298 2573 consedit]
1319 2526 1369 2562 ist
1387 2527 1628 2571 eigentlicher
1648 2526 1740 2560 Aus-

995 2573 1110 2607 druck
1145 2574 1204 2608 fiir
1239 2574 1317 2608 sich
1349 2574 1387 2608 in
1425 2574 1496 2607 den
1528 2573 1741 2608 Hinterhalt

996 2620 1152 2664 legende
1173 2621 1364 2665 Truppen,
1392 2621 1507 2654 daher
1525 2621 1567 2654 in
1580 2621 1739 2662 insidiis,

997 2667 1155 2701 occultus
1169 2668 1342 2708 consalin
1359 2667 1652 2701 hervorbrechen
1674 2678 1740 2701 aus

996 2713 1080 2747 dem
1119 2713 1355 2747 Hinterhalte
1400 2730 1443 2742 =
1487 2714 1637 2756 cooriri,
1681 2725 1740 2748 ecc-

996 2761 1099 2802 oriri,
1125 2761 1272 2794 existere
1297 2771 1313 2794 e
1339 2761 1494 2795 latebris.

1046 2810 1097 2841 15.
1125 2806 1368 2851 Democrates]
1396 2806 1456 2849 26,
1472 2811 1527 2841 39.
1555 2808 1682 2852 Sieger
1701 2808 1740 2842 in

995 2853 1096 2888 einer
1123 2853 1371 2889 Seeschlacht.

1334 1043 1440 1083 quae
1483 1044 1578 1071 cum
1621 1029 1736 1071 haud
1764 1030 1803 1060 11
1842 1023 1849 1027 ’
