1926 3219
154 412 196 442 19
223 407 373 444 torem.

225 121 278 162 10
703 120 844 155 LIBER
871 120 1020 155 XXVII.
1071 119 1172 154 CAP.
1200 124 1230 154 5.
1259 124 1290 155 6.

1618 141 1643 158 a.
1664 141 1694 159 u.
1716 134 1778 159 544.

222 229 330 269 clam
374 230 498 268 nocte
542 227 586 267 in
625 226 815 268 Siciliam
854 226 975 279 abiit3
1023 225 1300 279 destitutique
1337 230 1479 280 patres
1517 227 1682 269 litteras
1724 227 1777 269 ad

221 286 275 326 M.
303 283 526 326 Claudium
561 284 791 325 mittendas
825 287 1088 336 censuerunt,
1123 285 1171 323 ut
1203 283 1393 326 desertae
1426 286 1479 326 ab
1512 287 1691 340 conlega
1715 286 1777 327 rei

221 343 416 398 publicae
450 343 693 384 subveniret
725 341 984 395 diceretque,
1023 355 1149 396 quem
1181 342 1363 395 populus
1395 343 1607 398 iussisset,
1647 344 1777 385 dicta-

434 403 495 442 ita
533 416 558 441 a
595 399 650 440 M.
690 398 867 441 Claudio
907 401 1080 441 consule
1113 398 1159 448 Q.
1192 399 1368 440 Fulvius
1407 400 1591 444 dictator
1628 403 1779 456 dictus,

221 467 264 502 et
301 475 351 501 ex
390 460 536 501 eodem
575 458 711 512 plebis
750 459 857 500 scito
898 459 951 500 ab
991 458 1039 507 Q.
1076 457 1229 499 Fulvio
1269 458 1475 500 dictatore
1513 459 1558 502 P.
1590 461 1777 503 Licinius

223 517 402 559 Crassus
434 517 628 571 pontifex
661 518 871 558 maximus
903 518 1110 572 magister
1143 517 1333 571 equitum
1365 517 1515 558 dictus.

342 575 540 617 Dictator
566 578 795 630 postquam
823 576 1005 617 Romam
1032 576 1161 628 venit,
1189 574 1233 617 C.
1262 574 1561 629 Sempronium
1580 575 1779 619 Blaesum

222 635 431 689 legatum,
466 649 588 686 quem
621 634 673 675 ad
707 633 899 689 Capuam
931 635 1157 687 habuerat,
1190 635 1236 675 in
1268 634 1487 675 Etruriam
1519 635 1781 688 provinciam

223 693 276 734 ad
315 693 547 734 exercitum
583 693 702 734 misit
734 694 776 733 in
810 693 951 734 locum
985 692 1028 735 C.
1063 691 1266 746 Calpurni
1299 694 1528 746 praetoris,
1562 707 1705 747 quem,
1735 696 1783 735 ut

175 762 195 791 2
225 750 395 805 Capuae
422 751 709 805 exercituique
736 766 812 792 suo
838 754 1065 805 praeesset,
1093 751 1249 792 litteris
1277 752 1441 792 excivit.
1492 752 1582 805 ipse
1609 751 1783 793 comitia

224 810 267 850 in
301 824 426 864 quem
459 810 568 851 diem
602 811 785 864 primum
819 810 960 864 potuit
991 810 1139 862 edixit3
1175 824 1282 865 quae
1315 810 1545 851 certamine
1572 811 1683 851 inter
1708 811 1783 851 tri-

179 878 198 909 3
226 869 365 910 bunos
411 869 748 922 dictatoremque
792 868 950 909 iniecto
993 869 1137 922 perfici
1180 882 1263 909 non
1302 871 1547 922 potuerunt.

1614 868 1784 910 Galeria

227 927 450 980 iuniorum,
478 942 585 980 quae
607 929 720 967 sorte
740 926 1043 980 praerogativa
1063 929 1167 980 erat,
1187 926 1235 975 Q.
1255 925 1451 967 Fulvium
1473 929 1515 967 et
1535 926 1581 975 Q.
1602 926 1783 969 Fabium

228 986 425 1027 consules
471 986 655 1038 dixerat,
701 985 933 1039 eodemque
977 986 1068 1026 iure
1106 987 1282 1026 vocatae
1321 986 1615 1039 inclinassent,
1657 985 1702 1026 ni
1740 1000 1784 1027 se

174 1054 196 1083 4
222 1044 386 1085 tribuni
412 1044 552 1097 plebis
581 1042 627 1085 C.
652 1046 696 1084 et
720 1043 764 1085 L.
793 1044 966 1084 Arrenii
990 1043 1360 1097 interposuissent,
1390 1044 1462 1097 qui
1488 1058 1622 1098 neque
1648 1044 1783 1099 magi-

223 1104 408 1143 stratum
442 1103 684 1144 continuari
717 1102 824 1143 satis
858 1102 982 1143 civile
1014 1116 1107 1143 esse
1135 1102 1318 1155 aiebant,
1351 1105 1392 1142 et
1417 1102 1552 1144 multo
1579 1102 1781 1144 foedioris

175 1172 195 1201 5
225 1161 408 1215 exempli
435 1175 530 1202 eum
557 1162 698 1215 ipsum
725 1161 870 1214 creari,
902 1161 973 1215 qui
1000 1160 1172 1202 comitia
1198 1160 1394 1213 haberet3
1425 1160 1569 1214 itaque
1596 1161 1632 1201 si
1659 1175 1782 1202 suum

221 1234 377 1260 nomen
409 1219 593 1261 dictator
625 1220 848 1274 acciperet,
881 1233 925 1260 se
958 1219 1144 1261 comitiis
1178 1219 1500 1273 intercessuros3
1539 1218 1575 1259 si
1600 1219 1782 1260 aliorum

221 1281 521 1332 praeterquam
565 1278 701 1332 ipsius
745 1278 858 1319 ratio
897 1278 1145 1332 haberetur,
1190 1278 1374 1319 comitiis
1415 1292 1458 1318 se
1497 1291 1663 1318 moram
1698 1291 1785 1319 non

177 1347 196 1377 6
224 1337 376 1378 facere.

432 1337 614 1378 dictator
647 1351 819 1378 causam
848 1337 1119 1378 comitiorum
1149 1336 1403 1378 auctoritate
1431 1339 1616 1389 senatus,
1646 1335 1785 1389 plebis

178 1407 197 1436 τ
226 1395 350 1448 scito,
389 1395 592 1449 exemplis
630 1396 868 1436 tutabatur:
906 1410 1089 1450 namque
1129 1394 1204 1436 Cn.
1242 1394 1420 1436 Servilio
1460 1395 1650 1448 consule,
1689 1409 1785 1436 cum

226 1452 271 1494 C.
297 1453 542 1495 Flaminius'
568 1454 678 1495 alter
710 1454 857 1496 consul
890 1454 943 1495 ad
969 1454 1309 1495 Trasumennum
1342 1453 1572 1507 cecidisset,
1605 1467 1656 1494 ex
1688 1468 1785 1494 auc-

224 1513 398 1553 toritate
424 1515 596 1566 patrum
624 1512 676 1554 ad
702 1513 869 1567 plebem
895 1513 1043 1567 latum,
1069 1513 1320 1567 plebemque
1347 1512 1532 1565 scivisse,
1558 1514 1616 1565 ut,
1645 1512 1784 1566 quoad

224 1571 383 1612 bellum
422 1572 465 1611 in
497 1571 624 1612 Italia
663 1575 792 1625 esset,
831 1586 880 1612 ex
918 1572 990 1625 iis,
1029 1572 1100 1625 qui
1141 1571 1335 1612 consules
1367 1570 1566 1624 fuissent,
1605 1584 1711 1624 quos
1744 1573 1787 1611 et

175 1640 197 1670 8
227 1630 423 1683 quotiens
455 1630 603 1683 vellet,
639 1630 856 1671 reficiendi
889 1630 1084 1671 consules
1117 1630 1277 1683 populo
1310 1629 1374 1670 ius
1407 1632 1536 1682 esset3
1575 1629 1785 1683 exempla-

225 1703 305 1741 que
337 1689 379 1729 in
414 1703 507 1729 eam
533 1703 622 1729 rem
650 1703 694 1730 se
721 1689 879 1730 habere
905 1691 1026 1729 vetus
1053 1688 1097 1729 L.
1124 1687 1316 1729 Postumi
1342 1687 1526 1742 Megelli,
1559 1687 1631 1741 qui
1656 1688 1786 1729 inter-

223 1761 295 1788 rex
339 1747 392 1788 iis
437 1748 640 1801 comitiis,
686 1762 792 1801 quae
837 1748 928 1801 ipse
971 1747 1212 1801 habuisset,
1257 1747 1405 1788 consul
1444 1761 1538 1787 cum
1578 1744 1622 1788 C.
1660 1745 1784 1788 Iunio

270 1895 300 1920 c.
335 1887 376 1929 6,
404 1890 436 1920 3.
471 1886 623 1920 Galeria
648 1887 850 1929 ium'orwn,
877 1898 968 1930 quae

222 1937 315 1967 sorte
343 1934 606 1977 praerogativa
643 1934 734 1979 erat]
782 1933 968 1979 diejenige

223 1978 413 2022 Centurie,
461 1980 602 2014 welche
654 1982 775 2014 zuerst
824 1981 970 2015 wahlen

223 2026 348 2069 sollte,
387 2027 510 2060 wurde
547 2027 751 2071 ausgelost3
792 2027 871 2061 hier
909 2028 968 2062 die

221 2075 388 2108 centuria
407 2074 595 2107 iuniorum
615 2074 680 2107 der
699 2076 819 2108 ersten
837 2074 968 2108 Klasse

221 2131 288 2154 aus
315 2121 379 2154 der
405 2121 522 2154 tribus
548 2120 709 2154 Galeria.
765 2120 825 2163 26,
852 2124 909 2162 22,
936 2125 967 2155 2.

270 2168 456 2211 eodemque
491 2187 533 2192 —-
570 2167 821 2213 ‹inclina-ssent]
861 2168 969 2206 meist

222 2214 411 2249 schlossen
427 2213 505 2248 sich
525 2214 583 2248 die
601 2214 754 2258 iibrigen
771 2214 969 2249 Centurien

224 2261 289 2295 der
320 2261 583 2306 Abstimmung
617 2261 681 2295 der
710 2263 969 2305 pram-offatim

223 2318 287 2349 an3
322 2307 509 2342 dieselben
542 2307 683 2342 heissen
714 2309 793 2342 iure
823 2313 970 2343 vocatae

223 2354 624 2399 „versassungsmassig
678 2354 861 2389 berufen“
917 2356 968 2389 im

224 2402 433 2446 Gegensatz
489 2414 531 2435 zu
582 2402 647 2436 der
689 2403 965 2446 praeroyativa3

223 2447 297 2492 vgl.
324 2448 358 2491 5,
382 2452 435 2492 18,
456 2452 487 2482 2.
514 2449 594 2483 iure
629 2450 764 2483 vocatis
789 2450 966 2483 tribubus.

270 2499 301 2530 4.
328 2497 418 2530 satis
438 2495 556 2541 civile]
585 2506 646 2539 „es
668 2496 720 2530 sei
740 2495 844 2530 nicht
862 2496 967 2530 recht

222 2542 584 2586 biirgerfreundlich,
627 2542 964 2587 1·epublikanisch“.

222 2589 255 2630 5,
279 2593 335 2631 23,
356 2593 387 2623 5.
409 2601 545 2634 parum
571 2590 611 2624 id
629 2600 704 2624 non
730 2590 833 2624 civile
852 2591 965 2633 modo,

221 2637 282 2670 secl
307 2637 505 2670 humanum
531 2637 638 2671 etiam
664 2637 790 2671 visum.

269 2685 443 2726 foedioris
470 2684 636 2728 emempli]
667 2694 742 2727 erg.
776 2694 857 2718 esse.
891 2684 963 2728 vgl.

223 2729 283 2770 26,
304 2734 336 2772 2,
357 2735 388 2765 2.
415 2742 489 2764 rem
514 2731 603 2765 mali
627 2731 779 2774 exempli
803 2741 885 2765 esse.

272 2780 302 2807 5.
329 2787 432 2808 suum
454 2788 581 2811 women
601 2777 792 2821 acciperet]
820 2777 969 2819 „seinen

223 2819 368 2854 Namen
407 2821 460 2854 als
505 2821 575 2855 den
617 2822 716 2856 eines
761 2823 968 2867 zulassigen

224 2866 458 2900 Kandidaten
493 2867 530 2901 in
566 2867 624 2902 dic
657 2868 858 2903 Wahlliste
894 2869 968 2902 ein—

1042 1888 1197 1929 tragen“
1219 1902 1263 1913 =
1285 1884 1464 1919 Stinimen
1484 1883 1541 1919 fiir
1567 1885 1645 1919 sich
1672 1885 1787 1920 selbst

1042 1933 1258 1967 annehmen.

1083 1980 1353 2023 praeterquam]
1381 1995 1423 2006 =
1443 1978 1579 2019 ausser;
1613 1978 1667 2013 oft
1691 1978 1787 2013 auch

1042 2027 1111 2060 mit
1144 2026 1354 2071 folgendem
1387 2027 1510 2060 etiam:
1547 2025 1612 2069 26,
1642 2029 1702 2068 13,
1731 2029 1785 2060 14.

1041 2077 1371 2117 mortepraeterqua
1378 2084 1409 2106 m
1417 2074 1573 2116 honesta,
1583 2074 1690 2107 etiam
1702 2073 1786 2108 leni.

1088 2132 1225 2155 moram
1255 2131 1329 2154 ozon
1354 2119 1486 2165 facere]
1520 2131 1605 2154 vom
1637 2120 1789 2154 Richter

1042 2167 1222 2209 entlehnt‚
1250 2167 1315 2202 der
1335 2167 1393 2200 die
1414 2167 1586 2201 Parteien
1606 2167 1676 2200 mit
1693 2166 1788 2200 nihil

1042 2225 1100 2249 vos
1125 2225 1242 2248 moror
1274 2213 1440 2256 entffisst,
1467 2213 1614 2247 werden
1638 2213 1785 2254 morari,

1040 2262 1082 2295 in
1107 2272 1208 2295 mora
1233 2272 1314 2303 esse,
1341 2271 1478 2294 moram
1503 2261 1621 2302 facere
1647 2259 1786 2305 eigent-

1043 2308 1138 2342 liche
1171 2307 1388 2341 Ausdriicke
1419 2306 1479 2340 fiir
1508 2306 1786 2351 Ankiindigung

1042 2355 1143 2389 einer
1162 2354 1416 2389 Intercession.
1444 2353 1478 2396 3,
1497 2358 1553 2390 24.
1569 2357 1598 2388 7.
1625 2354 1666 2387 in
1684 2364 1787 2388 mora

1040 2402 1181 2436 tribuni
1206 2406 1319 2436 eraut.

1089 2453 1119 2483 6.
1147 2459 1293 2482 causam
1309 2468 1353 2473 —
1368 2447 1574 2492 tutabatur]
1597 2458 1635 2481 er
1657 2445 1784 2481 suchte

1041 2496 1106 2529 das
1134 2494 1339 2529 Verfahren
1365 2507 1406 2529 zu
1432 2493 1674 2538 verteidigen.

1089 2546 1119 2578 7.
1146 2542 1314 2587 namque]
1367 2541 1444 2577 Liv.
1491 2541 1595 2575 stellt
1633 2549 1787 2584 mamque

1039 2588 1300 2633 gleichmassig
1314 2599 1380 2623 vor
1392 2588 1535 2623 Vokale
1555 2586 1629 2621 und
1643 2586 1784 2620 Konso-

1038 2640 1175 2670 namen
1188 2635 1265 2669 und
1280 2635 1419 2670 sowohl
1429 2635 1552 2669 auden
1563 2633 1708 2677 Anfang
1722 2632 1786 2667 des

1043 2683 1167 2717 Satzes
1187 2683 1242 2717 als
1262 2683 1385 2716 hinter
1405 2681 1471 2716 das
1492 2683 1586 2715 erste
1603 2680 1719 2714 Wort.
1740 2699 1784 2704 —

1090 2730 1154 2764 Cn.
1182 2729 1350 2774 Servilio]
1377 2728 1426 2762 im
1453 2727 1566 2761 Jahre
1592 2730 1678 2769 217;
1705 2725 1783 2761 Liv.

1041 2777 1108 2811 hat
1140 2777 1199 2810 die
1226 2775 1491 2819 Vcrhandlung
1523 2774 1573 2808 im
1600 2777 1654 2807 22.
1681 2772 1785 2806 Buch

1041 2823 1289 2866 iibergangen.

1089 2871 1121 2901 8.
1148 2869 1307 2911 erempla
1358 2868 1397 2901 in
1445 2877 1521 2902 eam
1563 2865 1651 2910 rem]
1703 2864 1785 2899 eine
