1926 3219
195 75 220 116 8
676 73 819 108 LIBER
843 73 991 108 XXVII.
1044 73 1144 109 CAP.
1173 78 1204 107 4.
1233 79 1264 109 5.

1592 97 1617 114 a.
1638 97 1665 115 u.
1686 91 1753 115 541.

193 184 422 235 procurata
449 181 616 223 decreto
643 181 914 235 pontificum3
943 183 985 221 et
1011 181 1268 233 supplicatio
1296 181 1405 223 diem
1431 197 1561 224 unum
1589 183 1748 226 Romae

194 239 246 281 ad
285 240 427 281 omnia
464 239 724 294 pulvinaria,
763 239 946 279 alterum
984 238 1026 279 in
1061 236 1270 292 Capenati
1309 254 1413 295 agro
1453 242 1503 282 ad
1541 242 1751 284 Feroniae

194 299 336 340 lucum
367 298 539 339 indicta.

144 361 166 395 5
311 356 366 398 Μ.
400 356 598 398 Valerius
637 355 786 396 consul
826 354 982 395 litteris
1022 354 1184 396 excitus
1226 355 1446 409 provincia
1479 359 1746 414 exercituque

193 415 394 456 mandato
438 414 482 456 L.
527 412 675 455 Cincio
721 413 926 479 praetori,
971 411 1025 455 M.
1070 412 1245 455 Valerio
1283 412 1483 456 Messalla
1526 418 1741 470 praefecto

194 474 341 515 classis
376 487 469 513 eum
502 475 623 527 parte
654 472 829 513 navium
861 471 905 512 in
935 471 1127 513 Africam
1159 472 1411 526 praedatum
1444 473 1570 515 simul
1603 490 1748 530 specu-

147 542 165 572 2
193 533 422 584 latumque,
443 545 549 584 quae
569 531 751 585 populus
767 529 1132 585 Carthaginiensis
1155 534 1301 586 ageret
1319 534 1586 586 pararetque,
1605 535 1750 588 misso,

192 591 282 644 ipse
310 590 453 630 decem
479 590 661 630 navibus
683 589 865 630 Romam
891 589 1106 643 profectus
1134 604 1229 631 cum
1253 604 1457 644 prospere
1476 592 1753 647 pervenisset,

146 658 165 689 :3
194 651 390 690 senatum
422 648 634 702 extemplo
666 647 830 689 habuit.
892 649 952 689 ibi
985 648 1034 689 de
1067 649 1154 689 suis
1181 649 1308 690 rebus
1335 649 1467 704 gestis
1495 664 1748 692 commemo-

193 708 323 748 ravit:
370 721 466 748 cum
509 721 644 748 annos
690 721 824 761 prope
870 707 1096 762 sexaginta
1132 707 1176 748 in
1215 706 1361 749 Sicilia
1398 710 1511 749 terra
1557 709 1750 763 marique

193 766 359 821 magnis
393 779 520 820 saepe
552 766 744 807 cladibus
778 765 986 806 bellatum
1014 768 1136 818 esset,
1168 780 1213 807 se
1240 780 1332 807 eam
1358 767 1624 820 provinciam
1651 782 1751 809 con-

147 837 167 866 4
195 824 364 878 fecisse3
408 826 624 866 neminem
662 823 1064 878 Carthaginiensem
1108 825 1154 864 in
1193 822 1339 866 Sicilia
1384 839 1493 879 esse,
1536 826 1751 868 nemiuem

193 882 399 937 Siculum,
440 884 511 938 qui
549 883 687 938 fugati
725 885 841 924 metu
880 882 978 923 inde
1018 881 1221 936 afuerint,
1259 898 1344 925 non
1381 898 1490 938 esse;
1530 885 1669 926 omnis
1708 885 1750 926 in

193 943 338 995 urbes,
383 943 426 983 in
473 955 599 996 agros
639 956 738 983 suos
777 941 974 982 reductos
1016 955 1136 982 arare
1175 956 1332 996 serere3
1378 942 1589 984 desertam
1622 944 1751 985 recoli

146 1013 165 1043 5
192 1001 365 1042 tandem
410 1004 586 1054 terram,
631 999 883 1055 frugiferam
930 1000 1035 1054 ipsis
1084 999 1338 1054 cultoribus,
1383 1001 1627 1056 populoque
1667 1002 1751 1044 Ro-

147 1073 166 1101 ·;
194 1074 320 1101 mano
363 1074 467 1114 pace
512 1074 559 1101 ac
599 1059 710 1100 bello
760 1059 1019 1100 fidissimum
1071 1073 1266 1100 annonae
1318 1059 1564 1101 subsidium.
1641 1061 1752 1101 exim

193 1118 378 1159 Muttine
424 1121 467 1159 et
511 1118 547 1159 si
586 1132 766 1172 quorum
806 1118 987 1159 aliorum
1026 1118 1178 1158 merita
1218 1130 1320 1172 erga
1359 1119 1564 1172 populum
1602 1118 1756 1160 Roma-

195 1192 296 1218 num
343 1180 466 1218 erant
509 1177 554 1218 in
587 1179 782 1218 senatum
821 1176 1095 1229 introductis,
1132 1175 1317 1218 honores
1357 1177 1555 1217 omnibus
1595 1177 1647 1218 ad
1685 1192 1752 1218 ex-

148 1249 166 1280 7
195 1236 442 1278 solvendam
474 1236 601 1276 fidem
640 1236 827 1277 consulis
861 1234 1012 1276 habiti.
1063 1234 1268 1276 Muttines
1302 1235 1432 1276 etiam
1465 1235 1569 1276 civis
1600 1235 1756 1277 Roma-

193 1310 271 1336 nus
316 1295 454 1336 factus
494 1295 718 1350 rogatione
752 1295 804 1335 ab
838 1294 1011 1335 tribuno
1045 1294 1179 1348 plebis
1213 1308 1262 1334 ex
1296 1293 1551 1335 auctoritate
1583 1298 1755 1348 patrum

195 1354 247 1395 ad
280 1354 449 1408 plebem
482 1353 582 1395 lata.

147 1426 167 1458 S
313 1412 425 1453 Dum
474 1412 578 1454 haec
621 1412 782 1454 Romae
826 1413 1049 1467 geruntur,
1098 1410 1156 1452 M.
1199 1410 1398 1452 Valerius
1443 1411 1756 1466 quinquaginta

193 1471 374 1513 navibus
414 1485 509 1512 cum
542 1473 639 1513 ante
671 1471 809 1512 lucem
842 1470 895 1511 ad
927 1470 1120 1511 Africam
1154 1470 1423 1524 accessisset,
1459 1469 1678 1523 inproviso
1711 1471 1756 1512 in

148 1544 168 1575 9
197 1544 349 1585 agrum
381 1529 630 1571 Uticensem
663 1529 956 1571 escensionem
988 1528 1108 1582 fecit3
1143 1543 1322 1583 eumque
1354 1528 1440 1569 late
1473 1528 1754 1583 depopulatus

194 1589 340 1630 multis
386 1589 640 1630 mortalibus
686 1603 780 1630 cum
826 1588 910 1630 alia
948 1587 1086 1629 omnis
1127 1587 1294 1642 generis
1331 1587 1488 1641 praeda
1527 1588 1664 1641 captis
1703 1588 1755 1629 ad

770 1750 936 1785 Ffirbitte
1010 1751 1154 1786 metalla
1170 1750 1387 1784 —recolzu‘t
1422 1749 1494 1784 Das
1522 1750 1682 1785 Verbum
1708 1750 1757 1784 ist

1011 1797 1048 1832 in
1069 1797 1312 1842 eigentlicher
1328 1796 1548 1841 Bedeutung
1568 1797 1697 1838 selten,
1718 1797 1755 1831 in

1013 1846 1276 1889 iibertragener
1312 1847 1443 1885 (seeum
1480 1844 1630 1878 recolere
1667 1845 1761 1888 atq)-

241 1753 290 1787 ad
322 1752 444 1786 omnia
476 1752 710 1797 pulvinaria]

193 1800 440 1843 (supplicatio)
461 1799 600 1834 konnte
628 1798 769 1833 sowohl
795 1809 841 1832 an
867 1798 937 1831 den

190 1847 408 1891 pulvinaria
422 1846 654 1881 bestimmter
669 1845 810 1888 Gotter,
824 1845 879 1880 als
891 1855 937 1878 an

195 1892 314 1929 denen
328 1894 420 1928 aller
434 1894 651 1928 stattfinden
664 1893 752 1938 (vgl.
769 1903 797 1926 c.
808 1897 863 1935 51,
879 1894 936 1935 9.).

194 1942 298 1976 Auch
318 1941 529 1975 ausserhalb
549 1941 661 1974 Roms
681 1942 737 1981 (in
760 1939 938 1984 Capenati

195 1992 298 2033 (tyro)
329 1988 402 2022 und
437 1999 545 2032 sogar
582 1987 641 2020 ffir
678 1998 771 2032 ganz
805 1986 936 2021 ltalicn

194 2037 331 2070 konnte
388 2035 440 2069 sie
496 2034 726 2080 angeordnet
780 2034 937 2068 werden.

194 2083 254 2127 40,
272 2087 325 2126 19,
341 2086 372 2116 5.
394 2093 462 2126 per
482 2086 591 2117 totum
602 2082 755 2116 Italiam
775 2082 938 2115 triduum

193 2130 421 2174 supplicatio.

242 2188 273 2211 c.
290 2176 324 2219 5,
342 2181 370 2209 1.
399 2179 516 2220 asseret
534 2175 768 2220 pararetque]
791 2175 936 2209 formel-

195 2224 297 2258 hai'te
342 2222 582 2267 Verbindung
624 2239 667 2250 =
706 2222 819 2256 Plane
863 2221 938 2256 und

194 2270 418 2314 Massregeln
445 2269 508 2303 der
533 2268 781 2313 Ausfi‘ihrung.

242 2322 273 2352 2.
302 2328 381 2352 cum
395 2327 566 2361 prospere
584 2316 818 2361 pervenisset]
847 2316 937 2350 ahu—

194 2364 292 2399 liche
313 2363 429 2398 breite
447 2363 690 2408 Wendungen
711 2364 841 2398 scheut
860 2362 937 2396 Liv.

196 2412 290 2446 auch
312 2413 415 2445 sonst
433 2410 551 2444 nicht:
579 2410 638 2453 31,
661 2414 716 2453 22,
738 2415 757 2444 5
779 2411 938 2444 triremes

194 2459 356 2493 Athenas
382 2458 526 2499 rm'ssae,
552 2469 632 2492 eum
661 2457 835 2492 Piraeum
855 2468 937 2501 per-

194 2507 370 2541 venissent
397 2516 429 2538 u.
457 2515 489 2539 o.

242 2557 272 2586 3.
289 2553 330 2586 de
340 2552 417 2586 suis
425 2551 529 2586 rebus
535 2551 658 2595 flestis]
672 2563 775 2585 wenn
786 2550 939 2595 jemand

195 2610 265 2634 von
293 2598 419 2633 seinen
446 2597 600 2642 eigenen
620 2597 762 2632 Thatcn
789 2598 939 2641 spricht,

195 2645 306 2680 heisst
342 2657 379 2680 es
415 2646 508 2679 auch
541 2645 601 2679 bei
632 2644 709 2679 Liv.
746 2644 938 2679 meistens:

197 2704 248 2727 res
275 2693 424 2727 abse(
409 2697 525 2737 (jesias
551 2694 726 2736 exposuit.
760 2691 828 2734 35,
849 2695 886 2733 8
908 2696 938 2724 ⁵2.

195 2739 259 2780 36,
283 2744 344 2780 30,
366 2743 385 2773 5
411 2751 444 2773 u.
474 2743 512 2781 ὂ,
540 2739 633 2773 doch
662 2740 730 2773 wie
758 2719 852 2772 hiei:
879 2719 940 2780 34,

196 2788 299 2827 48,1
335 2797 437 2819 orsus
470 2798 492 2820 (ι
517 2806 562 2810 —-
589 2787 665 2819 suis
693 2786 837 2820 rebus(
823 2786 940 2829 [lestis.

244 2836 275 2867 4.
303 2832 629 2877 recoli—terram]
657 2832 728 2877 vgl.
750 2832 810 2874 39,
832 2835 887 2875 ²4,
908 2835 939 2865 2.

1011 1893 1077 1927 hat
1103 1903 1140 1926 es
1167 1892 1261 1926 auch
1289 1891 1427 1926 Cicero.

1059 1955 1089 1985 5.
1106 1961 1272 1985 annonae
1286 1949 1505 1994 subsidium]
1523 1949 1616 1984 auch
1626 1948 1754 1984 Cicero

1011 2000 1127 2033 nennt
1147 1997 1307 2039 Sizilien,
1329 1996 1523 2030 Sardinien
1543 1996 1615 2030 und
1631 1989 1755 2041 Agyp-

1010 2048 1089 2080 ten:
1122 2049 1155 2079 t)
1159 2057 1195 2079 ια
1221 2045 1465 2087 frumentaria
1489 2044 1655 2078 subsidia
1688 2044 1757 2078 rei-

1005 2093 1185 2137 publicae.

1059 2154 1089 2186 6.
1117 2151 1225 2195 emi-m]
1254 2149 1354 2184 diese
1376 2151 1478 2184 sonst
1503 2149 1561 2183 bei
1580 2149 1755 2184 Dichtern

1011 2197 1297 2242 gebri'tuchliche
1330 2197 1438 2231 Forrn
1475 2197 1540 2230 hat
1574 2196 1651 2232 Liv.
1688 2207 1756 2229 nur

1010 2245 1106 2287 hier,
1133 2245 1263 2278 eaez'nde
1288 2242 1346 2285 ⁶24,
1369 2247 1424 2285 42,
1455 2247 1483 2277 1.
1511 2242 1570 2287 28,
1595 2246 1647 2285 10,
1678 2247 1697 2276 9
1724 2254 1755 2276 u.

1011 2296 1042 2326 ὃ.
1070 2291 1143 2336 vgl.
1171 2291 1253 2325 (lein
1280 2301 1306 2324 c.
1335 2295 1365 2332 6,
1389 2294 1441 2323 14.

1058 2351 1099 2384 in
1123 2353 1287 2384 senatum
1320 2349 1550 2393 introductis]
1582 2348 1639 2382 fur
1671 2347 1754 2382 Ein-

1011 2397 1172 2442 fiihlnng
1198 2397 1271 2430 und
1298 2395 1454 2430 Eintritt
1479 2408 1515 2430 in
1544 2395 1614 2430 den
1642 2395 1756 2430 Senat

1013 2444 1093 2478 sind
1126 2444 1351 2478 mer-oducm
1386 2442 1461 2477 und
1492 2443 1644 2476 intr-*02⁷2
1677 2440 1754 2477 offi-

1012 2491 1115 2526 zielle
1130 2490 1357 2525 Ausdrticke.
1395 2502 1423 2524 c.
1441 2493 1472 2533 7,
1487 2493 1517 2524 2.
1547 2493 1578 2532 8,
1594 2493 1623 2524 7.
1651 2492 1683 2531 8,
1701 2492 1755 2522 10

1061 2555 1091 2584 9.
1122 2550 1245 2583 multis
1272 2548 1497 2593 mortalibus]
1519 2547 1685 2582 mortales
1711 2563 1755 2574 =

1012 2597 1211 2631 Menschen
1249 2596 1364 2630 findet
1407 2595 1485 2629 sich
1527 2593 1755 2628 namentlich

1014 2644 1069 2678 oft
1106 2643 1174 2678 mit
1206 2642 1492 2686 Zahlbegriffen:
1524 2652 1641 2683 nemo,
1677 2641 1756 2682 alii,

1013 2691 1118 2725 multi
1138 2692 1193 2734 (so
1220 2690 1312 2724 auch
1341 2687 1429 2731 Cic.)
1457 2687 1531 2722 und
1558 2687 1756 2722 besonders

1014 2737 1050 2771 in
1090 2736 1457 2771 Sehlachtberichten
1497 2734 1555 2769 bei
1590 2734 1755 2769 Verlust-

1015 2784 1196 2828 angaben.
1255 2782 1328 2826 vgl.
1364 2794 1391 2816 c.
1423 2786 1481 2824 19,
1518 2786 1537 2816 6
1571 2782 1638 2815 alii
1664 2790 1754 2814 mor—

1016 2831 1112 2865 tales.
