1926 3219
673 113 817 149 LIBER
841 113 989 149 XXVII.
1040 113 1141 149 CAP.
1171 117 1223 149 14.
1671 113 1724 153 27

169 135 194 154 n..
218 129 270 154 Ch.
292 130 351 154 20¹³.

169 223 224 265 ab
243 221 489 264 Hannibale
509 221 693 276 Hispani
714 222 894 275 primam
915 221 1171 262 obtinebant
1198 220 1393 274 frontem,
1420 224 1461 261 et
1489 221 1530 261 id
1558 221 1722 262 roboris
1751 223 1771 253 5

169 282 214 323 in
249 281 363 323 omni
399 280 586 322 exercitu
619 283 721 321 erat.
771 295 866 321 cum
899 295 1053 333 anceps
1080 279 1151 320 (liu
1178 293 1322 334 pugna
1348 281 1471 332 esset,
1504 279 1722 321 Hannibal
1750 281 1769 310 6

169 339 419 393 elephantos
452 339 495 379 in
526 340 711 393 primam
744 339 876 380 aciem
908 338 1050 380 induci
1083 338 1226 392 iussit,
1260 338 1294 378 si
1328 352 1452 391 quem
1484 337 1640 378 inicere
1673 352 1722 379 ea

168 413 234 439 res
274 398 505 438 tumultum
545 412 591 439 ac
630 412 829 451 pavorem
870 399 1026 450 posset.
1082 399 1124 437 et
1162 397 1298 450 primo
1339 396 1566 437 turbarunt
1599 396 1722 450 signa
1748 397 1768 428 7

171 456 435 510 ordinesque,
468 459 510 497 et
541 457 694 510 partim
729 455 957 496 occulcatis
990 455 1148 508 partim
1181 454 1412 507 dissupatis
1446 457 1618 506 terrore,
1651 455 1723 508 qui

168 515 282 556 circa
302 517 435 568 erant,
455 514 719 555 nudaverant
738 527 823 554 una
842 515 966 565 parte
982 513 1127 564 aciem,
1148 512 1361 565 latiusque
1377 513 1480 566 fuga
1495 515 1723 566 manasset,
1750 513 1771 545 8

171 573 215 614 ni
255 571 300 614 C.
339 572 555 615 Decimius
597 572 751 612 Flavus
790 571 986 611 tribunus
1018 570 1203 610 militum
1236 570 1357 624 signo
1391 574 1562 623 arrepto
1597 571 1723 624 primi

163 631 325 673 hastati
369 631 634 684 manipulum
679 629 767 670 eius
813 629 927 683 signi
973 628 1092 683 sequi
1132 642 1176 668 se
1216 627 1423 669 iussisset.
1492 628 1613 669 duxit
1651 629 1723 670 ubi

165 690 350 731 maxime
382 688 612 730 tumultum
640 687 922 741 conglobatae
949 687 1099 728 beluae
1126 686 1354 738 faciebant,
1381 687 1554 741 pilaque
1580 688 1624 728 in
1651 702 1721 728 eas

164 749 301 790 conici
338 747 475 788 iussit.
536 746 711 787 haesere
753 745 899 787 omnia
937 746 1024 786 tela
1055 745 1170 786 haud
1203 745 1363 786 difficili
1397 759 1445 785 ex
1479 746 1720 800 propinquo
1750 747 1769 776 9

164 807 210 847 in
252 808 375 847 tanta
416 818 598 858 corpora
641 805 731 845 ictu
775 807 817 845 et
860 806 951 845 tum
996 804 1188 845 conferta
1231 803 1368 844 turba.
1440 804 1511 844 sed
1551 806 1598 844 ut
1635 819 1721 845 non

165 878 311 906 omnes
337 863 550 904 vulnerati
578 866 688 916 sunt,
721 863 783 904 ita
811 863 855 903 in
889 877 1070 917 quorum
1102 862 1234 917 tergis
1267 862 1397 903 infixa
1431 864 1588 904 stetere
1620 863 1722 916 pila,

163 925 212 963 ut
248 924 313 964 est
345 935 477 976 genus
512 936 691 975 anceps,
729 922 772 962 in
803 922 950 975 fugam
983 922 1096 962 versi
1129 921 1259 962 etiam
1292 921 1484 975 integros
1517 924 1718 962 avertere.

162 983 256 1022 tum
288 980 374 1022 iam
406 994 495 1021 non
526 995 634 1022 unus
667 981 930 1034 manipulus,
964 980 1036 1021 sed
1068 994 1145 1034 pro
1180 994 1223 1020 se
1256 980 1433 1033 quisque
1465 979 1607 1034 miles,
1646 979 1718 1034 qui
1746 980 1788 1011 10

160 1039 288 1081 modo
328 1039 503 1094 adsequi
543 1053 696 1093 agmen
735 1039 990 1094 fugientium
1029 1038 1356 1092 elephantorum
1397 1040 1586 1092 poterat,
1630 1038 1722 1091 pila

162 1098 366 1139 conicere.
429 1112 478 1139 eo
518 1098 656 1152 magis
695 1112 816 1139 ruere
855 1098 899 1138 in
938 1112 1038 1139 suos
1077 1097 1225 1138 beluae
1271 1099 1476 1150 tantoque
1513 1097 1721 1138 maiorem

161 1159 351 1211 stragem
373 1156 506 1208 edere,
528 1171 655 1211 quam
681 1156 791 1197 inter
816 1156 954 1197 hostis
981 1155 1213 1207 ediderant,
1241 1157 1402 1209 quanto
1425 1155 1562 1196 acrius
1585 1169 1721 1209 pavor

161 1217 481 1257 consternatam
519 1215 626 1270 agit,
668 1230 794 1269 quam
834 1215 1061 1257 insidentis
1100 1214 1301 1268 magistri
1333 1213 1511 1267 imperio
1544 1214 1719 1268 regitur.

159 1274 206 1314 in
254 1274 548 1328 perturbatam
598 1277 848 1315 transcursu
897 1273 1121 1314 beluarum
1174 1273 1308 1314 aciem
1359 1272 1485 1326 signa
1528 1272 1719 1314 inferunt
1749 1271 1788 1301 11

158 1332 343 1374 Romani
386 1332 548 1386 pedites
595 1335 637 1372 et
685 1332 799 1373 haud
838 1346 996 1386 magno
1035 1332 1267 1373 certamine
1307 1330 1551 1384 dissupatos
1590 1331 1718 1384 trepi-

160 1391 387 1445 dantisque
417 1393 627 1432 avertunt.
676 1393 770 1431 tum
801 1391 847 1430 in
877 1391 1092 1445 fugientes
1126 1390 1367 1444 equitatum
1398 1389 1580 1430 inmittit
1605 1389 1717 1430 Mar·
1747 1389 1788 1419 12

161 1449 312 1503 eellus,
344 1463 420 1490 nec
453 1451 550 1498 ante
583 1448 678 1490 finis
712 1449 915 1503 sequendi
948 1451 1014 1489 est
1044 1449 1202 1501 faetus,
1235 1462 1363 1502 quam
1394 1447 1440 1488 in
1473 1450 1614 1488 castra
1645 1462 1718 1501 pa-

158 1510 305 1549 ventes
344 1507 539 1562 conpulsi
580 1509 690 1548 sunt.
758 1522 858 1548 nam
897 1521 1023 1560 super
1061 1507 1161 1560 alia,
1201 1520 1308 1560 quae
1346 1509 1555 1548 terrorem
1588 1507 1716 1560 trepi-
1748 1505 1789 1536 13

157 1566 458 1620 dationemque
495 1565 702 1618 facerent,
740 1565 954 1620 elephanti
991 1564 1102 1607 forte
1142 1565 1225 1607 duo
1267 1565 1311 1605 in
1343 1564 1437 1618 ipsa
1468 1567 1595 1618 porta
1627 1579 1719 1606 cor-

157 1627 350 1678 ruerant,
389 1625 609 1679 coactique
648 1627 771 1665 erant
808 1625 968 1665 milites
1007 1638 1082 1678 per
1120 1623 1281 1665 fossam
1321 1624 1563 1677 vallumque
1596 1638 1718 1664 ruere

157 1683 203 1724 in
242 1687 394 1725 eastra.
457 1683 517 1724 ibi
556 1683 743 1724 maxima
781 1683 970 1724 hostium
1009 1682 1157 1723 caedes
1196 1681 1330 1723 facta:
1373 1696 1497 1723 caesa
1537 1682 1589 1723 ad
1621 1685 1717 1724 octo

158 1787 262 1822 sonst
293 1787 391 1821 testis
421 1790 666 1831 spectatorque
698 1786 757 1829 26,
785 1790 840 1828 44,
868 1789 901 1822 8.
973 1785 1156 1830 Manipels
1201 1785 1266 1819 der
1302 1785 1454 1827 hastati,
1499 1785 1568 1819 wie
1602 1786 1719 1829 primi

159 1833 220 1877 21,
240 1837 296 1877 43,
320 1837 374 1868 17.
970 1833 1172 1876 principis:
1206 1831 1269 1866 des
1296 1834 1418 1866 ersten
1445 1831 1628 1876 Manipels
1654 1832 1719 1866 der

206 1889 238 1920 5.
270 1886 432 1930 primam
457 1905 500 1910 -—-
526 1886 696 1931 frontem]
728 1885 831 1928 frons
857 1902 901 1913 =
968 1880 1166 1923 principes.

159 1931 471 1976 „Schlachtlinie‚
540 1932 626 1967 oder
689 1932 771 1967 Tefl
837 1932 901 1967 der
1021 1929 1052 1960 9.
1091 1926 1230 1960 haesere
1292 1926 1414 1960 omnia
1475 1925 1560 1969 tela]
1620 1925 1717 1978 „alle

162 1978 451 2014 Schlachtlinie“
505 1978 556 2013 ist
610 1979 716 2013 nicht
771 1979 899 2013 selten.
974 1972 1128 2007 SChfiSSO
1181 1971 1337 2007 sasSffil“·
1400 1972 1459 2014 30,
1488 1975 1518 2014 5,
1548 1976 1579 2006 7·
1624 1982 1718 2007 &1528

972 2020 1126 2054 iniectas
1151 2019 1248 2063 tynis
1274 2019 1397 2054 haesit.

158 2037 188 2060 c.
217 2030 272 2069 48,
294 2029 315 2060 8
348 2037 389 2060 ea
420 2027 533 2068 frons.
573 2025 631 2070 10,
655 2030 708 2068 14,
733 2030 773 2060 17
807 2025 899 2060 wird

1019 2069 1051 2100 et
1081 2065 1175 2111 tum]
1211 2065 1308 2108 „und
1343 2065 1514 2100 iiberdies
1541 2065 1717 2101 damals“.

160 2084 269 2117 sogar
278 2074 403 2117 prima
416 2073 520 2116 frons
534 2073 608 2107 und
621 2073 779 2108 secunda
806 2073 900 2107 acies

155 2120 390 2164 geschieden.

203 2173 244 2206 id
267 2173 407 2207 roboris
432 2171 521 2217 fnit]
550 2189 594 2201 =
619 2172 660 2207 id
684 2173 795 2207 robur
813 2172 898 2215 fuit.

157 2218 232 2253 Das
264 2219 599 2253 Pradikatsnomen
632 2220 743 2254 robur
776 2218 825 2253 ist
856 2231 900 2253 zu

156 2265 240 2300 dem
275 2266 514 2310 regierenden
545 2265 728 2300 Neutrum
765 2267 805 2300 id
843 2266 898 2301 als

157 2311 306 2347 Genitiv
342 2312 524 2358 bezogen3
567 2313 608 2347 id
649 2314 790 2348 roboris
826 2313 900 2356 fuit

157 2359 243 2402 sagt
267 2358 345 2394 Liv.
371 2359 446 2393 fast
471 2361 572 2394 stets.

206 2421 238 2451 6.
277 2418 309 2452 si
330 2419 464 2464 posset]
497 2430 581 2463 „um
613 2430 657 2452 zu
682 2418 897 2462 versuchen,

157 2464 244 2505 ob“;
273 2475 312 2498 so
338 2468 421 2508 sagt
439 2465 517 2499 Liv.
545 2465 600 2499 oft
618 2465 687 2499 mit
706 2477 748 2499 zu
769 2469 897 2510 ergan-

157 2511 311 2545 zendem
354 2510 514 2546 Verbum
553 2512 616 2546 des
655 2511 896 2548 Versuchens.

156 2555 231 2592 Der
261 2557 368 2593 indir.
395 2558 591 2602 Fragesatz
622 2558 769 2593 enth'alt
800 2559 897 2593 daun

156 2605 247 2638 stets
280 2605 344 2639 das
369 2605 568 2640 Hilfsverb.
589 2615 704 2649 posse.
735 2617 766 2642 0.
787 2609 844 2649 27,
865 2610 896 2640 3.

208 2666 238 2696 7.
273 2664 411 2706 partim
430 2663 637 2708 occulcatis]
661 2662 725 2697 das
742 2663 900 2698 Verbum

158 2708 306 2744 seheint
328 2708 427 2744 einer
446 2710 588 2745 alteren
607 2709 899 2754 Sprachperiode

158 2756 432 2801 anzugehoren3
452 2755 531 2792 Liv.
548 2758 632 2802 sagt
651 2758 751 2792 sonst
770 2757 899 2801 obtero,

160 2801 304 2838 Cicero:
331 2803 508 2837 conculco.

207 2864 238 2896 8.
270 2862 388 2905 primi
448 2861 598 2907 hastati]
655 2862 719 2897 des
776 2862 900 2896 ersten

972 2113 1032 2155 24,
1047 2117 1103 2155 37,
1119 2117 1150 2148 3.
1171 2116 1203 2147 et
1223 2116 1298 2147 tum
1317 2113 1549 2148 intenderant
1568 2123 1646 2147 eum
1673 2133 1717 2137 —

966 2161 1202 2204 proditiones.

1018 2210 1059 2241 nt
1066 2210 1115 2242 est
1122 2217 1234 2251 genus
1242 2206 1387 2252 anceps]
1406 2205 1715 2250 ‚,unzuver1assig,

971 2254 1040 2288 wie
1075 2254 1176 2288 diese
1209 2253 1354 2288 Tierart
1384 2254 1468 2288 ist&
1509 2257 1550 2288 ut
1581 2256 1630 2287 est
1661 2253 1717 2287 als

972 2301 1208 2335 erklarender
1246 2300 1375 2335 Zusatz
1420 2299 1512 2334 wird
1550 2301 1641 2334 stets
1679 2299 1717 2334 in

971 2347 1042 2381 den
1091 2360 1134 2382 zu
1178 2347 1420 2382 erklarenden
1463 2346 1548 2381 Satz
1592 2346 1717 2392 einge-

970 2394 1140 2430 schoben.

1020 2445 1075 2477 10.
1101 2442 1165 2486 qui
1184 2441 1303 2486 modo]
1331 2441 1433 2476 modo
1459 2441 1526 2475 hat
1548 2440 1629 2475 hier
1653 2441 1716 2474 be-

971 2488 1251 2523 schrankenden
1277 2487 1385 2522 Sinn:
1422 2487 1582 2531 „wofern
1613 2489 1716 2520 nur“.

970 2535 1029 2578 33,
1069 2539 1102 2577 3,
1135 2539 1167 2569 4.
1218 2536 1349 2580 quibus
1385 2535 1488 2569 modo
1525 2534 1717 2578 quicquam

970 2583 1102 2626 reliqui
1126 2582 1266 2617 roboris
1291 2585 1379 2617 erat.

1020 2632 1190 2673 tantoque
1215 2628 1402 2673 maiorem]
1430 2627 1554 2662 indem
1585 2627 1623 2660 in
1655 2626 1715 2662 die

972 2675 1222 2709 korrelativen
1238 2675 1343 2709 Satze
1357 2678 1458 2709 tanto
1473 2694 1516 2698 —
1531 2677 1667 2718 quanto
1677 2673 1716 2718 je

973 2721 1034 2756 ein
1047 2721 1292 2765 Komparativ
1311 2721 1381 2755 mit
1393 2733 1500 2765 quam
1514 2721 1718 2765 eingesetzt

972 2768 1033 2811 ist,
1061 2767 1226 2803 entsteht
1251 2768 1331 2803 eine
1357 2767 1714 2813 Doppelgleichung.

972 2815 1005 2859 4,
1026 2819 1083 2860 23,
1104 2819 1124 2849 6
1150 2827 1183 2850 u.
1212 2819 1244 2850 ὃ.

1020 2865 1285 2898 consternatam
1308 2862 1399 2907 ayit]
1428 2862 1652 2898 consternari
1671 2878 1716 2889 =
