1926 3219
156 198 197 228 13
225 190 399 231 cladem.

155 257 197 287 14
224 248 297 289 sed
330 252 451 289 erant
485 249 696 302 perpauci,
727 262 834 302 quos
867 263 916 289 ea
948 249 1125 289 infamia
1158 249 1400 304 attingeret.

152 490 192 519 15

168 1367 188 1397 <51

222 83 279 124 22
686 85 829 120 LIBER
854 85 1001 120 XXVII.
1052 85 1152 121 CAP.
1182 90 1234 121 11.
1266 91 1316 121 12.

1622 107 1647 125 a.
1668 107 1696 125 u.
1716 101 1774 126 545.

470 192 512 232 in
551 191 816 244 equestribus
862 205 1029 245 quoque
1074 191 1187 232 notis
1231 192 1376 233 eadem
1422 197 1591 235 servata
1634 208 1778 249 causa3

1458 252 1547 294 illis
1581 253 1778 294 omnibus

226 331 273 335 —
305 310 346 348 et
378 308 500 348 multi
535 308 655 347 erant
687 329 741 334 —
776 306 965 360 adempti
999 307 1105 361 equi,
1138 307 1210 360 qui
1241 306 1528 352 Cannensium
1561 312 1779 366 legionum

222 366 387 419 equites
427 366 470 405 in
502 363 648 405 Sicilia
689 368 822 405 erant.
885 364 1137 406 addiderunt
1178 366 1403 408 acerbitati
1435 369 1565 411 etiam
1596 373 1780 424 temPUS,

220 438 273 464 ne
316 423 549 477 praeterita
593 422 807 477 stipendia
851 423 1130 477 procederent
1171 424 1244 477 iis,
1294 439 1402 478 quae
1446 440 1554 481 equo
1606 429 1777 483 publico

220 484 476 533 meruerant,
502 481 575 522 sed
597 480 706 522 dena
726 482 941 535 stipendia
968 482 1087 536 equis
1113 483 1294 536 privatis
1320 483 1522 526 facerent.
1572 501 1777 541 magnum

217 542 439 593 practerea
477 554 700 581 numerum
740 554 886 582 eorum
930 541 1298 596 conquisiverunt,
1345 542 1418 596 qui
1462 557 1570 598 equo
1615 559 1776 587 merere

218 598 435 652 deberent3
475 601 602 653 atque
642 612 692 639 ex
729 599 801 651 iis,
840 600 911 654 qui
950 600 1160 654 principio
1200 601 1289 642 eius
1326 601 1430 642 belli
1475 603 1778 656 septemdecim

218 671 352 697 annos
385 657 475 697 nati
501 656 671 698 fuerant
695 672 834 711 neque
861 658 1166 711 militaverant,
1193 660 1330 700 omnis
1359 661 1548 702 aerarios
1574 660 1777 704 fecerunt.

220 715 468 756 locaverunt
493 715 591 757 inde
618 716 857 770 reficienda,
885 732 994 771 quae
1015 718 1127 758 circa
1146 718 1287 759 forum
1307 719 1502 760 incendio
1524 723 1780 774 consumpta

221 776 362 825 erant,
394 777 558 828 septem
590 775 809 828 tabernas,
842 776 1087 830 macellum,
1121 777 1276 818 atrium
1308 778 1485 832 regium.

339 832 584 874 Transactis
618 834 836 886 omnibus,
876 848 984 887 quae
1016 833 1178 876 Romae
1211 836 1376 890 agenda
1408 839 1550 890 erant,
1582 837 1777 879 consules

219 890 271 931 ad
304 891 463 932 bellum
496 891 689 946 profecti.
752 892 868 945 prior
906 891 1082 934 Fulvius
1121 908 1401 949 praegressus
1434 893 1643 950 Capuam3
1680 899 1779 950 post

216 963 375 1003 paucos
408 950 495 990 dies
530 952 782 992 consecutus
814 949 992 1005 Fabius,
1030 951 1101 1005 qui
1139 955 1181 993 et
1219 953 1442 1007 conlegam
1480 968 1622 996 coram
1661 955 1777 996 obte-

219 1010 356 1049 status
384 1011 426 1048 et
450 1023 526 1062 per
557 1009 726 1050 litteras
752 1008 1017 1063 Marcellum,
1051 1013 1097 1051 ut
1130 1025 1257 1064 quam
1291 1012 1494 1054 acerrimo
1527 1013 1641 1054 bello
1676 1013 1778 1054 deti-

220 1069 371 1107 nerent
397 1066 708 1122 Hannibalem,
750 1068 851 1109 dum
883 1069 975 1122 ipse
1006 1067 1240 1111 Tarentum
1272 1074 1558 1124 oppugnaret:
1591 1086 1641 1113 ea
1673 1072 1777 1113 urbe

217 1125 417 1180 adempta
442 1125 558 1167 hosti
585 1127 670 1167 iam
697 1126 884 1181 undique
910 1128 1046 1181 pulso,
1072 1142 1149 1169 nec
1176 1128 1249 1169 ubi
1276 1131 1539 1184 consisteret,
1564 1144 1641 1172 nec
1663 1130 1776 1185 quod

216 1184 347 1225 fidum
367 1185 600 1238 respiceret
619 1185 810 1236 habenti,
837 1201 889 1227 110
915 1186 1159 1228 remorandi
1187 1187 1358 1241 quidem
1384 1202 1556 1229 causam
1582 1189 1628 1230 in
1648 1188 1776 1230 Italia

216 1242 317 1283 fore.
380 1243 561 1298 Regium
601 1244 730 1285 etiam
769 1246 969 1286 nuntium
1007 1245 1143 1287 mittit
1183 1246 1235 1287 ad
1267 1246 1531 1300 praefectum
1563 1247 1776 1302 praesidii,

217 1301 329 1354 quod
369 1302 421 1342 ab
454 1301 646 1344 Laevino
687 1305 860 1345 consule
900 1304 1102 1346 adversus
1135 1304 1327 1346 Bruttios
1361 1306 1421 1346 ibi
1453 1306 1642 1347 locatum
1674 1308 1777 1361 erat,

217 1362 312 1401 octo
346 1361 466 1402 milia
496 1361 738 1415 hominum,
775 1377 875 1416 pars
908 1363 1096 1404 maxima
1129 1363 1182 1404 ab
1217 1363 1489 1418 Agathyrna,
1528 1365 1638 1406 sicut
1677 1367 1775 1406 ante

216 1417 375 1460 dictum
409 1422 491 1473 est,
530 1434 581 1461 ex
613 1418 759 1462 Sicilia
791 1422 1008 1476 traducta,
1039 1424 1165 1476 rapto
1197 1422 1342 1463 vivere
1374 1423 1597 1464 hominum
1630 1421 1776 1465 adsue->

264 1573 318 1603 14.
360 1569 603 1605 Cannensium
635 1592 679 1596 —
713 1572 860 1616 equites]
906 1571 958 1606 sie
1031 1572 1254 1606 zwischen
1348 1571 1594 1608 Marcellus
1688 1574 1775 1608 und

206 2045 368 2089 privatis
401 2058 444 2079 zu
478 2046 620 2080 dienen.

213 1616 359 1650 werden
384 1617 544 1651 bestraft
574 1618 605 1661 1)
626 1618 695 1652 mit
719 1615 870 1653 Verlust
895 1619 959 1653 der

215 1664 297 1707 equi
305 1664 457 1707 publici,
472 1664 584 1708 2)mit
600 1665 958 1710 lojahrigemNach-

213 1710 345 1744 dienen
366 1710 430 1744 auf
455 1710 657 1755 eigenem
677 1711 818 1748 Pferde.
870 1712 958 1747 Dass

215 1756 294 1791 (lies
328 1761 345 1791 7
373 1757 484 1792 Jahre
517 1759 612 1793 nach
646 1759 709 1793 der
736 1759 958 1804 Niederlage

214 1804 416 1848 gesehieht,
438 1805 486 1839 ist
506 1805 586 1840 eine
604 1805 957 1842 ausser-ordentliche

212 1850 339 1886 Harte.

264 1908 316 1938 15.
354 1905 417 1948 qui
442 1915 529 1949 equo
554 1916 684 1941 merere
709 1907 886 1950 deberent]
912 1923 955 1935 =

211 1950 344 1993 Lente,
378 1951 436 1985 die
471 1952 567 1986 nach
601 1953 718 1987 ihrem
745 1953 955 1998 Vermo'gen

212 1998 450 2041 verpflichtet
481 2010 649 2042 gewesen
681 2003 820 2043 waren,
857 2002 956 2045 equis

679 2047 746 2081 Die
773 2046 955 2082 Censoren

212 2091 448 2126 versch'arfen
481 2093 561 2128 also
594 2093 652 2128 die
678 2093 857 2129 Kontrole
891 2094 955 2129 der

213 2137 357 2173 8101101-
384 2139 459 2172 und
485 2139 757 2185 Dienstpflicht.

258 2198 499 2241 septemdecim
549 2199 681 2244 annos]
725 2200 776 2233 sie
825 2201 954 2234 hatten

213 2243 290 2278 sich
317 2244 376 2278 bei
396 2244 553 2280 Eintritt
579 2246 643 2280 (101·
666 2250 764 2281 aetas
783 2247 956 2281 militaris

213 2290 278 2324 der
303 2291 566 2336 Dienstpflicht
591 2295 782 2338 entzogen.

259 2350 419 2384 aerarios
444 2350 620 2396 fecerunt]
649 2368 692 2379 =
719 2354 881 2387 aerarios
900 2364 955 2388 re-

210 2395 371 2440 linquere
409 2397 496 2432 oder
532 2399 571 2432 in
611 2399 772 2433 aerarios
805 2401 954 2442 referre:

210 2442 459 2488 Ausstossung
502 2455 566 2479 aus
604 2445 668 2479 der
708 2446 842 2480 Tribus
881 2447 955 2480 und

210 2488 438 2535 Versetzung
470 2491 507 2524 in
541 2492 600 2526 die
635 2494 796 2527 unterste
824 2492 954 2528 Klasse

211 2536 276 2570 der
296 2537 446 2581 Bur-ger,
471 2539 579 2573 unter
599 2539 750 2574 Verlust
765 2539 955 2585 jeglichen

211 2582 479 2618 Stimmrechts.

261 2640 313 2671 16.
360 2638 527 2672 incendio
583 2640 810 2683 consumpta]
863 2639 955 2674 iiber

210 2683 281 2717 den
311 2683 432 2719 Brand
457 2685 516 2727 26,
538 2689 593 2727 27,
622 2697 678 2720 wo
700 2686 836 2731 ι10110011
863 2688 955 2720 statt

209 2731 395 2810 vtalcetnum
445 2732 510 2767 das
553 2733 673 2776 forum
716 2734 954 2777 piscatorium

210 2787 226 2810 s
249 2787 266 2810 e
280 2789 291 2810 1
317 2805 322 2810 .

259 2844 292 2870 c.
327 2835 486 2872 12—15.
556 2837 952 2882 Doppelschlacht

1031 1619 1270 1653 Hannibal.

1079 1669 1110 1700 2.
1128 1667 1235 1709 prior
1261 1686 1303 1690 —
1325 1667 1574 1712 praeyressus]
1601 1667 1772 1703 {thnliche

1031 1712 1303 1756 pleonastische
1331 1713 1575 1758 Wendungen
1604 1714 1668 1748 des
1694 1714 1772 1749 Liv.

1030 1763 1126 1794 retro
1140 1760 1269 1802 redire,
1289 1763 1372 1794 ante
1379 1770 1658 1805 praeoccupare,
1674 1762 1772 1805 prio-

1032 1818 1103 1841 rem
1141 1808 1373 1850 praevenire,
1414 1808 1521 1850 prius
1552 1809 1773 1853 praecipere,

1025 1854 1134 1897 prius
1153 1854 1418 1897 praemeditari
1443 1866 1477 1888 u.
1505 1864 1536 1888 a.

1076 1911 1197 1935 eoram
1217 1900 1424 1946 obtestatus]
1450 1917 1493 1929 =
1511 1901 1770 1945 „personlich“

1029 1947 1117 1982 oder
1126 1947 1382 1991 „miindlich“;
1397 1947 1470 1992 vgl.
1482 1959 1601 1983 eoram
1610 1959 1772 1994 arquere,

1028 2005 1149 2029 coram
1191 1996 1419 2039 respondere,
1463 2005 1584 2030 coram
1625 1996 1770 2039 audire;

1029 2040 1253 2086 Gegensatz:
1285 2053 1350 2086 per
1376 2042 1528 2077 litteras.
1559 2062 1603 2069 —
1636 2043 1687 2077 Zu
1719 2054 1772 2078 er-

1027 2092 1168 2132 ganzen
1183 2089 1232 2123 ist
1242 2093 1303 2132 est,
1319 2089 1384 2122 das
1399 2088 1459 2123 bei
1471 2089 1548 2123 Liv.
1563 2090 1659 2124 auch
1670 2090 1774 2124 sonet

1027 2135 1066 2168 in
1091 2134 1347 2170 Nebensatzen
1373 2135 1478 2170 fehlt.

1076 2186 1107 2216 3.
1153 2183 1247 2226 quod
1277 2184 1391 2226 fidum
1428 2182 1632 2228 respice-ret]
1667 2181 1770 2224 „eine

1030 2228 1165 2271 Stfitze,
1193 2229 1260 2263 auf
1281 2229 1341 2263 die
1362 2240 1401 2263 er
1421 2228 1634 2263 hinbh'cken
1655 2229 1770 2263 konn—

1027 2277 1098 2311 10“.
1140 2277 1313 2319 respicere
1351 2292 1395 2304 =
1430 2276 1508 2310 sich
1534 2276 1629 2310 nach
1657 2278 1770 2310 etwas

1028 2322 1215 2364 umsehen,
1243 2322 1562 2367 erwartungsvoll,
1586 2322 1654 2357 wie
1674 2322 1770 2357 nach

1029 2369 1130 2403 einer
1164 2369 1280 2413 Hilfe,
1319 2369 1408 2403 oder
1447 2369 1542 2403 auch
1574 2369 1768 2413 angstlich

1029 2415 1098 2450 wie
1125 2416 1219 2450 nach
1247 2417 1346 2451 einer
1371 2415 1524 2458 Gefahr3
1555 2416 1690 2451 ebenso
1715 2426 1768 2450 re-

1027 2466 1176 2506 spectus.
1235 2463 1309 2507 vgl.
1330 2462 1390 2507 21,
1411 2467 1466 2506 44,
1487 2468 1508 2498 8
1540 2464 1603 2508 qui
1633 2472 1768 2506 respec-

1027 2513 1103 2544 tum
1131 2511 1272 2544 habent.

1075 2568 1118 2591 ‘ne
1155 2557 1363 2592 remorandi
1399 2556 1555 2601 quidem]
1592 2556 1769 2590 remorari

1028 2604 1082 2638 als
1121 2602 1335 2638 Intransitiv
1379 2603 1495 2638 findet
1531 2603 1610 2636 sich
1646 2601 1770 2637 ausser

1027 2650 1087 2685 bei
1125 2650 1304 2685 Dichtern
1340 2662 1409 2684 nur
1445 2649 1560 2691 hier3
1598 2648 1769 2684 transitiv

1026 2698 1123 2732 noch
1148 2697 1182 2740 2,
1204 2701 1259 2740 45,
1282 2701 1312 2732 7.

1075 2748 1105 2778 5.
1147 2745 1192 2779 ab
1236 2743 1471 2788 Ayathwyrna]
1523 2743 1575 2777 sie
1618 2741 1766 2777 werden

1026 2790 1085 2833 26,
1118 2794 1163 2825 40
1207 2792 1255 2825 ad
1287 2790 1542 2834 populandum
1573 2790 1766 2824 Bruttium

1026 2849 1153 2882 ayrum
1180 2835 1530 2882 hiniibergesohafft.
