1926 3219
199 89 257 131 40
659 91 804 126 LIBER
828 91 974 127 XXVII.
1026 92 1126 127 CAP.
1153 96 1206 127 20.
1235 97 1291 127 21.

1594 116 1618 133 a.
1639 116 1666 134 u.
1686 109 1754 137 545..

131 201 175 232 10
205 208 421 236 senescere
459 195 592 249 fama,
624 196 852 237 Marcellus
892 197 1020 238 etiam
1053 197 1230 239 adverso
1262 213 1428 241 rumore
1461 215 1571 256 esse,
1610 217 1752 256 super-

200 267 326 306 quam
359 254 470 307 quod
502 255 637 308 primo
671 255 781 294 male
814 257 1093 308 pugnaverat,
1130 256 1229 308 quia
1260 260 1443 310 vagante
1474 274 1549 313 per
1580 259 1753 301 Italiam

198 310 439 353 Hannibale
473 311 611 352 media
644 313 806 352 aestate
831 310 1066 353 Venusiam
1097 313 1141 353 in
1169 315 1284 354 tecta
1309 314 1465 357 milites
1493 318 1753 359 abduxisset.

131 377 168 406 11
199 369 397 410 inimicus
430 372 521 409 erat
553 369 591 409 ei
625 366 669 410 C.
696 368 911 411 Publicius
937 369 1117 411 Bibulus
1149 371 1346 412 tribunus
1378 373 1525 425 plebis.

1587 377 1623 417 is
1663 375 1748 417 iam

199 441 223 468 a
248 428 386 480 prima
417 439 580 480 pugna,
619 441 726 481 quae
759 427 937 469 adversa
968 428 1126 482 fuerat,
1164 429 1351 470 adsiduis
1384 432 1654 475 contionibus
1687 434 1751 475 in-

196 485 354 525 famem
385 484 652 539 invisumque
685 485 824 539 plebei
851 484 1076 528 Claudium
1109 487 1280 541 fecerat,
1312 490 1354 529 et
1382 488 1468 529 iam
1496 490 1546 530 de
1571 492 1750 545 imperio

130 550 170 580 12
199 542 447 597 abrogando
481 543 571 584 eius
606 544 774 598 agebat,
805 559 900 586 cum
931 547 1076 586 tamen
1111 546 1341 587 necessarii
1374 544 1525 588 Claudi
1558 548 1752 591 obtinue-

196 603 315 654 runt,
351 603 399 642 ut
431 601 580 643 relicto
613 601 829 644 Venusiae
860 604 1004 658 legato
1037 603 1262 646 Marcellus
1293 604 1475 646 Romam
1507 607 1669 648 veniret
1699 607 1753 648 ad

195 659 420 713 purganda
464 673 530 713 ea,
575 675 682 715 quae
726 661 888 703 inimici
934 662 1168 716 obicerent,
1218 677 1294 704 nec
1341 663 1390 704 de
1435 663 1614 717 imperio
1661 665 1750 706 eius

128 725 169 755 13
196 717 444 771 abrogando
484 718 660 760 absente
698 719 792 773 ipso
832 723 1042 774 ageretur.

1102 720 1213 762 forte
1255 722 1332 762 sub
1365 721 1476 762 idem
1509 725 1678 776 tempus
1712 725 1755 764 et

194 774 419 817 Marcellus
460 777 512 818 ad
551 777 861 831 deprecandam
899 779 1182 833 ignominiam
1224 782 1267 820 et
1305 778 1351 828 Q.
1391 779 1566 821 Fulvius
1606 781 1755 823 consul

124 837 169 871 21
200 835 470 876 comitiorum
510 850 638 876 causa
669 835 852 877 Romam
891 837 1019 878 venit.

1081 836 1237 878 Actum
1270 838 1319 878 de
1352 838 1529 892 imperio
1562 838 1757 880 Marcelli

195 892 238 933 in
284 893 396 934 circo
431 893 642 935 Flaminio
685 896 751 935 est
788 895 955 948 ingenti
994 909 1201 936 concursu
1233 896 1454 949 plebisque
1487 899 1529 937 et
1562 898 1755 938 omnium

148 958 167 988 2
195 950 411 1006 ordinum3
456 952 756 1006 accusavitque
799 953 997 994 tribunus
1043 954 1180 1007 plebis
1221 968 1307 994 non
1343 953 1589 996 Marcellum
1627 955 1753 997 modo

195 1009 268 1049 sed
301 1023 457 1050 omnen
489 1010 778 1052 nobilitatem:
818 1011 966 1052 fraude
999 1025 1146 1053 eorum
1179 1013 1221 1052 et
1254 1013 1524 1053 cunctatione
1559 1013 1670 1066 fieri,
1706 1016 1759 1055 ut

193 1066 413 1108 Hannibal
464 1067 675 1109 decimum
725 1070 810 1110 iam
855 1084 1013 1111 annum
1057 1069 1228 1111 Italiam
1273 1071 1540 1123 provinciam
1583 1071 1757 1124 habeat,

150 1133 169 1162 3
197 1125 356 1167 diutius
394 1126 455 1167 ibi
493 1141 621 1181 quam
654 1126 917 1183 Carthagine
952 1128 1118 1170 vixerit.

1178 1127 1337 1169 habere
1376 1128 1561 1170 fructum
1599 1130 1753 1183 imperi

193 1185 415 1239 prorogati
447 1184 651 1227 Marcello
686 1187 892 1240 populum
924 1186 1182 1228 Romanum:
1219 1186 1286 1227 bis
1319 1201 1488 1228 caesum
1523 1188 1753 1229 exercitum

147 1250 167 1279 4
195 1242 284 1283 eius
312 1242 475 1284 aestiva
501 1242 716 1285 Venusiae
744 1245 821 1285 sub
848 1246 972 1286 tectis
1000 1259 1138 1300 agere.
1192 1244 1302 1286 hanc
1328 1245 1490 1286 tribuni
1517 1246 1756 1287 orationem

194 1301 256 1341 ita
295 1301 437 1342 obruit
474 1300 702 1344 Marcellus
741 1304 1149 1345 commemoratione
1187 1318 1328 1344 rerum
1362 1318 1554 1357 suarum,
1593 1306 1640 1345 ut
1669 1318 1756 1346 non

239 1437 414 1462 senescere
431 1427 548 1473 fama]
570 1427 725 1463 deutsch
739 1429 808 1463 mit
827 1430 936 1465 ande-

193 1483 250 1508 rer
299 1474 508 1518 Metapher:
560 1474 684 1518 „scine
730 1474 938 1511 Lorbeeren

193 1520 395 1563 welkten“;
428 1531 602 1555 senescere
633 1521 827 1557 verbindet
857 1522 935 1557 Liv.

193 1577 282 1611 gern
314 1567 383 1601 mit
407 1567 648 1602 Abstrakten:
677 1579 824 1613 puyna,
857 1580 937 1604 con-

191 1614 289 1656 silia,
308 1614 452 1657 bcllum3
473 1625 546 1649 von
560 1614 758 1650 Menschen
772 1616 938 1660 haufiger

192 1671 443 1696 consenescere.

240 1719 388 1754 adverso
408 1729 550 1754 rumore
569 1719 655 1765 esse]
676 1720 848 1755 adversus
861 1720 936 1754 und

191 1766 369 1800 secundus
411 1766 559 1801 werden
604 1766 669 1801 auf
708 1767 816 1810 alles,
861 1777 936 1801 was

192 1811 401 1846 hinderlich
423 1813 513 1847 oder
532 1812 735 1848 forderlich
753 1814 813 1858 ist,
833 1814 936 1848 fiber-

190 1861 334 1903 tragen.
352 1858 420 1902 44,
436 1863 491 1903 22,
510 1863 562 1895 10.
589 1864 717 1895 eontra
748 1861 937 1895 adversum

193 1916 384 1947 rumorem3
425 1905 647 1951 Gegensatz:
680 1907 839 1942 secunda
869 1918 938 1942 sua

192 1953 293 1994 fama
319 1954 405 1996 (rem
430 1956 572 1998 yerere).
625 1965 654 1989 c.
685 1958 739 1996 10,
769 1958 823 1990 13.

243 2014 296 2045 10.
323 2021 538 2055 superquam
567 2012 676 2056 quod]
715 2012 830 2047 findet
861 2012 938 2047 sich

193 2057 306 2091 allein
343 2057 405 2092 bei
431 2057 510 2092 Liv.
543 2059 620 2092 und
659 2059 719 2092 bei
756 2059 834 2093 ihm
870 2071 939 2094 nur

191 2104 287 2138 noch
313 2103 379 2146 22,
413 2108 449 2147 3,
486 2109 544 2146 14;
586 2105 752 2150 haufiger
779 2110 938 2149 praeter-

191 2161 298 2194 quam
332 2151 442 2195 quod3
482 2150 608 2186 beides
644 2168 687 2180 =
721 2152 937 2196 ausserdem,

191 2196 281 2232 dass.
332 2198 438 2231 Auch
461 2201 689 2243 extraquam,
716 2199 939 2243 ultraquam,

192 2247 440 2288 contraquam,
454 2245 713 2289 insuperquam
723 2246 844 2280 finden
860 2246 938 2280 sich

191 2289 251 2325 bei
277 2291 357 2325 Liv.

241 2352 295 2382 11.
323 2349 365 2383 de
402 2350 552 2394 imperio
598 2351 809 2395 abroyanclo
847 2351 937 2397 eius]

191 2405 276 2429 man
317 2398 490 2431 erwartet
527 2397 560 2431 ei
597 2397 823 2441 abroyand03
863 2398 938 2442 vgl.

187 2441 323 2486 jedoch
350 2445 369 2483 ξ
391 2446 433 2476 12
455 2455 488 2477 u.
511 2454 540 2477 c.
567 2447 622 2484 21,
645 2446 698 2478 14.
727 2444 769 2478 cle
788 2445 938 2488 imperio

191 2488 268 2523 eius
294 2489 515 2534 abroqando.
543 2510 586 2514 —
612 2489 703 2524 Eine
725 2490 939 2536 Absetzung

191 2535 259 2569 auf
277 2535 583 2571 Volksbeschluss
604 2537 824 2581 (abrogatio)
847 2538 938 2572 wird

193 2582 278 2616 sehr
300 2582 417 2617 selten
431 2583 658 2628 ausgeffihrt,
680 2584 728 2617 da
745 2595 783 2618 es
798 2583 938 2618 Staats-

195 2628 395 2672 grundsatz
421 2640 513 2671 war,
548 2629 627 2664 dass
655 2630 762 2674 jeder
787 2630 938 2665 Beamte

194 2686 263 2708 nur
301 2675 490 2720 freiwillig
525 2675 695 2711 abtreten
722 2677 827 2712 dfirfe
861 2678 937 2720 (ab-

193 2721 330 2756 dicatio
352 2723 522 2766 imperii).

242 2782 294 2813 12.
322 2790 401 2813 cum
438 2784 556 2815 tamen
601 2801 644 2806 —
688 2781 936 2827 obtinuerunt]

192 2825 259 2860 das
297 2825 379 2860 dem
423 2826 628 2872 Hauptsatz
665 2827 937 2872 nachgestellte

1010 1440 1089 1464 cum
1115 1432 1234 1464 tamen
1259 1429 1362 1464 ffihrt
1387 1429 1492 1464 einen
1517 1429 1757 1474 gleichzeitig

1011 1476 1298 1511 stattfindenden
1320 1476 1524 1520 Gegensatz
1547 1477 1616 1511 mit
1634 1477 1757 1512 Nach—

1011 1522 1126 1556 druck
1148 1523 1224 1556 ein:
1241 1539 1283 1551 =
1299 1523 1491 1567 „dennoch
1513 1523 1639 1566 aber“;
1665 1525 1759 1558 stets

1010 1569 1080 1603 mit
1104 1569 1302 1604 Indikativ.

1058 1623 1107 1656 ad
1120 1622 1322 1666 purqanda
1340 1621 1398 1667 ea]
1422 1621 1486 1656 der
1507 1621 1757 1666 Gegenstand,

1010 1679 1140 1713 wegen
1160 1669 1290 1703 dessen
1304 1679 1390 1702 man
1411 1669 1489 1703 sich
1506 1668 1758 1714 rechtfertigt,

1009 1717 1109 1750 steht
1134 1715 1193 1750 bei
1207 1725 1370 1759 purqare
1395 1714 1465 1749 wie
1488 1716 1675 1759 deprecari
1701 1716 1756 1750 oft

1009 1762 1061 1796 im
1092 1761 1304 1796 Accusativ.
1345 1761 1405 1804 38,
1433 1765 1489 1805 48,
1517 1765 1560 1796 13
1598 1763 1755 1807 suscepti

1010 1809 1094 1844 belli
1114 1812 1315 1853 purqatum
1340 1812 1389 1844 est
1415 1809 1559 1843 crimen.

1059 1876 1079 1902 c
1105 1867 1164 1911 21,
1194 1871 1222 1902 1.
1250 1868 1291 1901 in
1316 1867 1411 1902 circo
1437 1865 1645 1913 Flaminio]
1674 1867 1759 1902 eine

1010 1914 1134 1949 Wiese
1167 1925 1213 1948 an
1246 1914 1330 1948 dem
1363 1914 1489 1957 Tiber,
1519 1917 1633 1958 prata
1664 1914 1757 1949 Fla-

1010 1962 1139 2003 minia,
1165 1960 1257 1995 wird
1283 1961 1397 1995 sehon
1423 1965 1490 1995 449
1521 1961 1575 1994 als
1603 1960 1669 1995 Ort
1693 1961 1761 1996 der

1012 2007 1408 2052 Volksversammlung
1427 2009 1607 2052 genannt;
1633 2009 1758 2052 spater

1011 2054 1136 2089 wurde
1175 2054 1259 2089 dort
1295 2054 1360 2088 der
1393 2055 1510 2089 circus
1543 2053 1761 2089 Flaminius

1011 2111 1083 2135 von
1129 2100 1211 2135 dem
1251 2112 1311 2135 am
1353 2101 1658 2136 trasimenischen
1690 2100 1761 2136 See

1012 2147 1222 2192 gefallenen
1248 2148 1389 2182 Konsul
1414 2148 1468 2182 ΡΙ.
1496 2148 1637 2182 erbaut.

1061 2209 1092 2239 2.
1114 2207 1344 2250 provinciam
1369 2206 1512 2248 habeat]
1557 2205 1622 2239 das
1647 2205 1758 2249 lange

1013 2252 1220 2287 Verweilen
1268 2252 1332 2286 H‘s
1382 2253 1418 2286 in
1464 2251 1595 2286 ltalien
1645 2251 1759 2286 hcisst

1013 2298 1074 2342 30,
1089 2302 1144 2341 20,
1160 2304 1179 2332 9
1207 2300 1354 2334 diutina
1371 2299 1547 2342 possessio
1572 2297 1645 2332 und
1665 2298 1756 2332 wird

1012 2345 1202 2380 mehrfach
1227 2345 1296 2380 mit
1316 2344 1569 2380 Gleichnissen
1595 2356 1659 2379 aus
1673 2345 1757 2379 dem

1013 2390 1334 2436 Eigentumsrecht
1347 2391 1578 2426 bezeichnet:
1595 2391 1655 2435 22,
1669 2394 1724 2434 44,
1735 2394 1755 2425 6

1015 2439 1110 2473 velut
1131 2449 1201 2473 usu
1221 2440 1365 2482 cepisset
1393 2439 1557 2472 Italiam.

1060 2500 1091 2530 3.
1118 2497 1245 2531 habere
1287 2497 1463 2542 fructum]
1502 2496 1545 2530 in
1590 2494 1754 2529 direkter

1011 2542 1112 2577 Rede
1126 2543 1267 2578 bildete
1282 2543 1359 2577 dies
1375 2542 1538 2578 offenbar
1552 2541 1622 2575 den
1637 2541 1754 2575 Rede—

1012 2589 1151 2624 schluss
1197 2591 1411 2634 (peroratio)
1454 2589 1515 2623 des
1556 2588 1755 2630 Tribunen¹

1011 2636 1081 2671 den
1120 2647 1206 2670 man
1243 2648 1332 2682 gern
1371 2636 1440 2670 mit
1463 2635 1587 2677 habes,
1619 2634 1757 2669 habetis

1012 2682 1186 2718 einfiihrt.
1213 2682 1274 2726 23,
1291 2687 1342 2726 10,
1361 2686 1379 2716 7
1396 2682 1532 2715 habetis
1547 2681 1757 2723 libertatem,

1013 2729 1204 2774 Campani,
1231 2741 1337 2774 quam
1357 2729 1511 2772 petistis.

1057 2785 1090 2815 4.
1116 2783 1170 2816 ita
1202 2802 1244 2806 —
1278 2781 1414 2826 obruit]
1449 2780 1518 2824 eig.
1552 2791 1590 2814 er
1622 2778 1756 2813 deckte

1010 2839 1051 2862 zu
1079 2844 1121 2856 =
1148 2827 1371 2872 widerlegte.
1423 2827 1529 2862 obrui
1559 2826 1608 2860 ist
1637 2825 1755 2860 selten
