1926 3219
145 142 171 160 a.
193 135 244 160 Ch.
266 135 326 159 210.

657 119 802 154 LIBER,
827 119 974 154 XXVII.
1025 118 1126 152 ΕΑΓ.
1155 122 1186 153 5.
1673 117 1698 157 9

146 242 276 270 naves
304 227 413 269 redit
439 231 564 281 atque
592 228 634 268 in
661 226 847 268 Siciliam
875 226 1072 278 tramisit,
1105 225 1231 266 tertio
1260 224 1434 266 decumo
1463 224 1542 276 die,
1573 238 1699 278 quam

146 287 360 341 profectus
387 286 484 327 inde
511 288 613 339 erat,
641 285 888 340 Lilybaeum
915 288 1119 326 revectus.
1169 298 1219 325 ex
1245 283 1424 337 captivis
1447 283 1695 336 quaestione
1727 291 1773 320 11)

144 345 294 388 habita
331 345 436 386 haec
475 347 694 398 comperta
731 344 977 410 consulique
1013 343 1201 384 Laevino
1241 342 1384 383 omnia
1423 341 1567 382 ordine
1609 356 1700 394 per-

145 404 321 458 scripta,
367 405 413 445 ut
451 404 596 456 sciret,
633 417 716 458 quo
755 403 799 443 in
837 405 951 443 statu
990 416 1056 442 res
1096 401 1266 442 Africae
1305 403 1465 441 essent:
1511 399 1695 455 quinque
1729 407 1767 437 11

148 462 266 503 1111113
299 461 579 504 Numidarum
612 475 706 502 cum
740 461 967 501 Masinissa
1000 458 1132 500 Galae
1165 459 1265 511 filio,
1301 458 1504 500 acerrimo
1538 458 1699 509 iuvene,

147 519 410 575 Carthagine
448 535 558 573 esse,
598 523 639 560 et
677 519 783 560 alios
821 532 895 571 per
926 521 1061 558 totam
1094 517 1286 558 Africam
1319 517 1475 557 milites
1509 516 1699 558 mercede

149 579 338 632 conduci,
372 580 442 645 qui
476 580 518 619 in
551 577 802 641 Hispaniam
835 575 887 616 ad
916 574 1230 616 Hasdrubalem
1263 575 1555 628 traicerentur,
1588 578 1633 614 ut
1665 575 1699 614 is
1729 583 1771 612 1-2

150 653 276 692 quam
304 638 488 679 maximo
515 636 700 677 exercitu
726 635 864 688 primo
891 647 1057 698 quoque
1084 635 1276 687 tempore
1302 633 1345 673 iu
1366 632 1537 674 Italiam
1564 636 1700 673 trans-

149 710 321 751 gressus
349 697 541 750 iungeret
567 708 611 735 se
639 692 888 745 Hanniba113
921 692 965 732 in
991 706 1040 733 eo
1067 692 1255 746 positam
1282 691 1503 732 victoriam
1530 691 1700 732 credere

149 754 542 808 Carthaginienses3
575 752 755 794 classem
789 753 1008 805 praeterea
1039 751 1256 805 ingentem
1288 750 1488 803 apparari
1520 750 1573 790 ad
1600 748 1703 790 Sici·
1733 758 1773 788 13

147 814 249 855 liam
282 811 576 866 repetendam,
615 824 789 864 eamque
823 824 867 850 se
900 809 1068 851 credere
1102 809 1219 850 brevi
1251 809 1535 849 traiecturam.
1597 807 1702 849 haee
1731 816 1772 845 14

146 871 326 912 recitata
371 885 395 911 a
439 869 610 911 consule
657 869 718 910 ita
763 882 930 909 movere
975 870 1191 921 senatum,
1234 870 1281 908 ut
1319 881 1403 908 non
1441 866 1705 920 expectanda

147 929 322 971 comitia
348 928 510 970 consuli
537 931 769 977 censerent,
797 927 869 968 sed
896 926 1102 968 dictatore
1124 926 1393 968 comitiorum
1414 924 1705 966 habendorum

149 1002 277 1029 causa
303 987 415 1029 dicto
443 987 656 1040 extemplo
683 986 727 1026 in
749 985 1012 1040 provinciam
1033 985 1305 1026 redeundum.
1355 984 1429 1025 illa
1449 983 1703 1036 disceptatio
1734 991 1776 1021 15

152 1046 340 1100 tenebat,
373 1045 484 1100 quod
517 1045 666 1087 consul
699 1045 742 1085 in
771 1043 918 1085 Sicilia
945 1058 988 1084 se
1015 1042 1071 1085 M.
1097 1043 1317 1084 Valerium
1344 1041 1604 1095 Messallam,
1635 1042 1707 1096 qui

148 1107 242 1147 tum
274 1105 402 1146 classi
435 1107 670 1158 praeesset,
709 1103 961 1144 dictatorem
994 1102 1203 1143 dicturum
1238 1116 1331 1143 esse
1364 1101 1522 1153 aiebat,
1560 1103 1704 1154 patres

147 1165 268 1205 extra
299 1163 540 1204 Romanum
580 1176 732 1216 agrum
764 1186 820 1192 —-
854 1176 950 1203 eum
987 1163 1128 1202 autem
1160 1161 1205 1201 in
1235 1159 1364 1201 Italia
1395 1159 1617 1200 terminari
1649 1182 1704 1187 —

146 1222 366 1277 negabant
402 1221 653 1262 dictatorem
686 1221 768 1262 dici
799 1235 934 1275 posse.

996 1219 1052 1260 Μ.
1084 1219 1305 1260 Lucretius
1337 1218 1535 1259 t1ibunus
1568 1217 1705 1283 plebis
1736 1226 1777 1257 16

149 1295 245 1322 eum
278 1281 328 1321 de
356 1294 405 1321 ea
431 1295 475 1321 re
503 1280 755 1333 consuleret,
787 1280 849 1320 ita
875 1278 1063 1320 decrevit
1089 1281 1275 1331 senatus,
1307 1280 1354 1318 ut
1379 1277 1540 1326 consul,
1572 1276 1706 1330 prius-

151 1354 279 1393 quam
316 1339 368 1380 ab
402 1339 505 1380 urbe
537 1338 789 1391 discederet,
827 1337 1032 1392 populum
1065 1339 1255 1391 r-ogaiet,
1293 1350 1418 1390 quem
1451 1309 1707 1376 dictatorem

150 1398 233 1439 dici
260 1398 460 1463 placeret,
492 1411 683 1451 eumque,
716 1411 841 1450 quem
873 1396 1056 1450 populus
1082 1396 1289 1447 iussisset,
1322 1394 1576 1435 dictatorem
1603 1393 1710 1434 dice-

148 1459 232 1510 ret,
277 1456 312 1497 si
357 1455 506 1497 consul
544 1455 769 1508 noluisset,
813 1457 987 1510 praetor
1023 1454 1232 1508 populum
1269 1456 1463 1507 roga31'et
1510 1453 1546 1493 si
1582 1466 1634 1492 ne
1672 1451 1709 1492 is

150 1514 320 1569 quidem
352 1515 490 1568 vellet,
526 1517 618 1555 tum
650 1514 812 1555 tribuni
845 1513 897 1555 ad
928 1513 1097 1567 plebem
1128 1512 1300 1553 ferrent.

146 1573 354 1627 populum
390 1575 642 1628 rogaturum
668 1575 879 1627 negasset,
911 1572 1023 1626 quod
1050 1586 1151 1613 suae
1178 1570 1406 1625 potestatis
1434 1573 1558 1623 esset,
1590 1583 1710 1623 prae-

147 1637 369 1686 toremque
406 1632 613 1673 vetuisset
644 1645 815 1686 rogare,
851 1631 1014 1672 tribuni
1046 1630 1184 1684 plebis
1215 1632 1441 1683 rogarimt,
1479 1628 1709 1682 plebesque

149 1690 286 1744 seivit,
319 1693 366 1731 ut
399 1689 446 1739 Q.
478 1689 671 1744 Fulvius,
704 1691 775 1744 qui
807 1694 898 1731 tum
932 1689 984 1730 ad
1017 1687 1207 1743 Capuam
1239 1692 1349 1741 erat,
1383 1687 1567 1728 dictator
1600 1686 1708 1727 dice-

147 1752 278 1791 retur.

194 1889 452 1922 tertiodecimo
463 1889 519 1922 die
504 1899 640 1931 quam
649 1899 698 1932 pr
701 1888 835 1929 ofeetas
846 1907 890 1912 —

148 1934 243 1979 erat]
277 1933 342 1968 (101·
363 1934 574 1979 Zeitpunkt‚
600 1935 697 1968 nach
722 1935 806 1969 dem
832 1935 892 1969 ein

149 1981 317 2026 Ereignis
350 1981 580 2026 eingetreten
611 1981 679 2024 ist,
711 1981 803 2016 wixd
839 1983 893 2016 oft

148 2029 256 2063 unter
305 2028 608 2073 &Veglassung
661 2039 745 2063 von
794 2032 894 2072 post

148 2075 263 2109 durch
302 2075 372 2110 den
402 2075 554 2110 Ablativ
593 2075 693 2110 einer
726 2075 892 2110 Ordinal-

147 2122 230 2156 zahl
261 2121 335 2156 und
369 2133 476 2166 quam
504 2122 573 2156 mit
598 2122 891 2166 plusquamperf.

151 2169 209 2203 bei
240 2167 317 2203 Liv.
352 2169 612 2213 ausgedrfickt.
660 2181 688 2204 0.
718 2174 748 2213 7,
777 2173 805 2203 1.
839 2170 897 2204 die

148 2219 278 2260 quarto
298 2220 330 2250 et
349 2217 564 2258 tricensimo,
590 2227 698 2260 quam
714 2217 897 2260 profectus

149 2265 237 2297 erat.

203 2313 255 2343 13.
283 2310 428 2343 classem
460 2329 503 2335 -—
537 2309 732 2355 appara-ri]
773 2310 898 2353 11311113

155 2357 247 2389 statt
278 2367 433 2400 patore,
472 2368 535 2390 zur
573 2356 797 2402 Steigerung
834 2357 898 2391 des

154 2400 350 2446 Begriffes‚
388 2414 427 2438 so
465 2403 610 2446 bellum,
651 2415 771 2448 arma,
809 2403 899 2438 oder

154 2449 283 2483 bellum
307 2461 479 2494 armaque
504 2461 697 2494 appar-,ate

206 2499 258 2529 15.
286 2496 353 2530 illa
386 2497 598 2541 disceptatio
633 2497 787 2542 tenebat]
833 2497 898 2531 der

155 2541 269 2577 Streit
294 2541 453 2577 darfiber
478 2543 572 2578 hielt
598 2555 644 2578 an
670 2545 760 2588 (und
787 2544 899 2579 somit

155 2588 213 2622 die
241 2588 357 2624 Sache
383 2590 472 2633 auf).

201 2639 305 2670 eoetra
330 2648 458 2680 agrum
484 2637 705 2682 Romanum]
731 2637 805 2672 Der
830 2637 897 2671 Be-

154 2680 242 2724 griff
263 2683 469 2724 „romische
496 2684 625 2718 Mark“
657 2684 727 2718 soll
753 2684 898 2719 danach

153 2727 258 2761 nicht
304 2730 369 2762 auf
420 2731 640 2765 samtlichen
686 2730 898 2765 romischen

157 2773 400 2809 Staatsbesitz
460 2777 691 2822 ausgedehnt
751 2777 898 2812 werden

153 2820 296 2855 dfirfen.

196 2867 403 2912 terminari]
449 2868 623 2904 meistens
673 2870 711 2904 in
755 2869 896 2914 eigent·

340 1749 413 1791 sed
451 1764 534 1804 quo
574 1749 640 1790 die
678 1749 720 1790 id
758 1749 897 1803 plebis
930 1748 1157 1790 concilium
1189 1747 1380 1788 futurum
1413 1750 1523 1800 erat,
1562 1745 1711 1787 consul
1741 1753 1784 1783 18

964 1886 1101 1920 lichem
1146 1886 1257 1920 Sinne
1303 1887 1495 1920 terminare
1538 1900 1582 1913 =
1629 1883 1710 1917 eine

965 1932 1170 1968 raumliche
1197 1931 1335 1967 Grenze
1362 1932 1528 1966 macheu.

1012 1980 1193 2025 ozeqabant
1232 1980 1442 2013 dictatorem
1481 1978 1554 2012 clici
1587 1977 1708 2021 posse]

967 2027 1026 2061 die
1066 2025 1356 2061 erforderlichen
1392 2023 1591 2069 Auspicien
1630 2024 1713 2058 sind

966 2073 1025 2108 fiir
1051 2074 1122 2108 den
1149 2074 1256 2108 Staat
1281 2085 1348 2106 11111·
1367 2073 1496 2117 giltig,
1523 2083 1629 2106 wenn
1659 2071 1713 2105 sie

967 2121 1032 2155 auf
1062 2120 1278 2154 Staatsland
1315 2118 1515 2164 angestellt
1551 2118 1710 2152 werden.

1019 2172 1071 2204 16.
1099 2168 1268 2201 tribunus
1303 2187 1347 2191 —-
1386 2165 1596 2210 consuleret]
1637 2176 1713 2209 erg.

968 2218 1140 2249 senatum.
1167 2213 1320 2248 Danach
1341 2214 1468 2248 hatten
1487 2212 1629 2247 darnals
1653 2211 1714 2245 die

970 2260 1262 2297 Volkstribunen
1281 2261 1345 2295 das
1360 2261 1495 2296 Recht,
1518 2260 1589 2294 den
1601 2258 1715 2292 Senat

970 2321 1013 2343 zu
1038 2308 1201 2344 berufen.

1013 2356 1193 2400 populum
1225 2376 1267 2380 —
1301 2355 1350 2389 ad
1369 2354 1522 2399 plebem]
1553 2353 1715 2397 populus

970 2402 1185 2437 bezeichnet
1216 2412 1345 2446 wegen
1377 2402 1440 2435 des
1467 2401 1715 2445 Gegensatzes

970 2450 1018 2484 ad
1038 2450 1174 2493 plebem
1201 2449 1300 2483 wohl
1320 2448 1379 2482 die
1405 2446 1714 2482 Centuriatkomi·

970 2496 1064 2537 tien3
1091 2497 1139 2530 ad
1152 2497 1290 2540 plebem
1311 2495 1368 2529 die
1390 2493 1714 2528 Tribntkomitien,

1021 2547 1074 2577 17.
1101 2544 1196 2588 quod
1209 2554 1295 2577 suae
1305 2546 1402 2586 potes
1400 2543 1493 2576 tatis
1512 2540 1612 2585 esset]
1639 2539 1713 2583 vgl

971 2589 1030 2633 22,
1053 2594 1084 2625 8.
1120 2590 1214 2624 Dem
1238 2590 1381 2624 Konsul
1407 2588 1513 2623 stand
1553 2587 1611 2621 die
1649 2586 1713 2620 Er-

970 2647 1145 2681 nennung
1165 2636 1264 2671 eines
1286 2636 1478 2670 Diktators
1498 2647 1557 2675 zu3
1578 2645 1617 2668 er
1635 2643 1715 2667 ver-

971 2683 1036 2718 bat
1080 2683 1157 2718 sich
1195 2683 1309 2717 daher
1347 2683 1416 2716 mit
1453 2662 1572 2715 Reeh't
1608 2681 1716 2715 einen

971 2729 1178 2773 Vorschlag
1205 2729 1269 2763 des
1296 2729 1433 2763 Yolkes
1461 2729 1661 2770 (iussisset).

1012 2779 1284 2819 praetoremque
1292 2774 1473 2817 vetuisset]
1491 2773 1567 2806 dies
1576 2774 1716 2806 konnte

971 2822 1035 2856 der
1048 2822 1189 2856 Konsul
1206 2831 1275 2864 pro
1297 2821 1374 2855 iure
1390 2820 1540 2854 maioris
1554 2819 1715 2862 imperii:

969 2868 1031 2911 30,
1051 2871 1107 2910 24,
1127 2872 1160 2902 3.

1362 1526 1456 1552 cum
1489 1510 1637 1552 consul
1664 1524 1707 1551 se
1737 1519 1779 1549 17
