1926 3219
167 125 193 144 a.
215 117 266 144 Ch.
286 118 345 143 208.

668 104 808 139 LIBER
834 103 980 138 XXVII.
1032 102 1132 138 CAP.
1161 108 1215 139 34.
1661 104 1714 145 61

167 211 361 253 obsoleta
392 211 630 265 capilloque
663 214 704 252 et
735 212 869 253 barba
901 211 1124 265 promissa,
1158 225 1258 265 prae
1293 225 1335 251 se
1362 211 1500 252 ferens
1528 211 1570 251 in
1597 212 1718 252 vultu

165 270 399 323 habituque
431 270 644 324 insignem
678 270 928 311 memoriam
961 270 1226 324 ignominiae
1253 272 1461 323 acceptae.
1511 269 1555 310 L.
1584 269 1718 311 Vetu-
1745 267 1764 297 6

166 329 253 369 rius
281 330 323 369 et
347 327 391 368 P.
414 326 598 369 Licinius
625 343 820 370 censores
847 343 942 369 eum
974 328 1140 370 tonderi
1167 331 1210 369 et
1243 328 1483 382 squalorem
1510 327 1717 381 deponere

166 390 210 427 et
241 387 285 427 in
317 388 511 427 senatum
545 388 686 428 venire
718 388 922 441 fungique
956 387 1052 427 aliis
1086 387 1266 440 publicis
1297 386 1542 427 muneribus
1571 400 1717 441 coege-

166 446 277 485 runt.
328 445 399 486 sed
431 448 522 485 tum
554 460 721 499 quoque
754 448 828 486 aut
858 445 988 486 verbo
1021 444 1340 485 adsentiebatur
1372 448 1446 485 aut
1470 444 1647 498 pedibus
1673 445 1718 485 in
1747 441 1764 472 7

167 503 426 544 sententiam
471 504 580 556 ibat,
624 504 754 544 donec
797 503 970 555 cognati
1008 502 1193 543 hominis
1234 516 1329 542 eum
1369 517 1498 543 causa
1538 502 1594 544 M.
1625 502 1719 544 Livi

164 560 341 614 Macati,
387 575 480 602 curn
524 561 638 602 fama
682 561 770 601 eius
815 562 1028 613 ageretur,
1078 562 1262 600 stantem
1301 560 1443 614 coegit
1479 561 1521 601 in
1565 564 1718 602 senatu

165 620 423 661 sententiam
456 619 604 660 dicere.

666 621 767 659 tunc
800 631 851 658 ex
882 620 1004 659 tanto
1038 617 1265 659 intervallo
1300 618 1471 659 auditus
1509 620 1719 660 convertit
1745 616 1764 648 8

166 693 240 720 ora
271 678 490 719 hominum
522 677 565 717 in
599 691 660 729 se,
692 690 948 730 causamque
982 676 1249 718 sermonibus
1282 677 1497 730 praebuit,
1540 677 1718 732 indigno

165 736 364 777 iniuriam
398 750 422 776 a
453 734 613 788 populo
645 734 821 785 factam,
861 748 1104 789 magnoque
1143 733 1186 775 id
1224 735 1378 776 damno
1418 736 1568 789 fuisse,
1606 736 1719 791 quod

164 798 252 836 tam
296 793 418 848 gravi
463 793 574 834 bello
618 807 695 834 nec
740 808 869 847 opera
912 807 987 834 nec
1034 793 1211 834 consilio
1256 793 1354 834 talis
1400 794 1478 834 viri
1523 809 1600 835 usa
1649 809 1716 836 res

163 852 336 906 publica
368 854 498 892 esset:
539 850 583 893 C.
602 851 765 893 Neroni
796 866 932 906 neque
965 850 1012 900 Q.
1032 851 1214 893 Fabium
1246 866 1382 905 neque
1415 851 1470 893 M.
1498 851 1717 894 Valerium
1744 851 1763 882 9

163 909 396 951 Laevinum
430 910 520 950 dari
553 910 778 965 conlegam
810 924 948 965 posse,
981 911 1080 964 quia
1107 910 1212 951 duos
1239 911 1444 964 patricios
1471 911 1605 952 creari
1631 925 1717 953 non

164 969 328 1022 liceret,
360 968 537 1010 eandem
570 983 743 1010 causam
774 970 819 1010 in
850 969 896 1010 Τ.
928 968 1091 1010 Manlio
1125 983 1236 1021 esse,
1275 972 1573 1024 praeterquam
1605 970 1718 1024 quod
1747 967 1789 998 10

165 1030 406 1068 recusasset
432 1027 619 1068 delatum
647 1028 916 1069 consulatum
943 1030 1298 1081 recusaturusque
1326 1031 1450 1070 esset.
1495 1029 1718 1083 egregium
1747 1026 1788 1057 11

165 1100 243 1140 par
276 1085 497 1127 consulum
529 1086 640 1140 fore,
673 1087 708 1127 si
740 1085 796 1128 M.
828 1084 998 1127 Livium
1032 1085 1076 1128 C.
1110 1085 1287 1128 Claudio
1321 1087 1542 1141 conlegam
1575 1087 1720 1128 adiun-

164 1145 338 1185 xissent.

408 1158 485 1185 nec
527 1145 713 1198 populus
752 1145 1012 1186 mentionem
1053 1145 1142 1185 eius
1182 1145 1244 1186 rei
1282 1147 1419 1186 ortam
1462 1160 1486 1185 a
1523 1146 1717 1199 patribus

165 1206 229 1244 est
263 1205 526 1256 aspernatus.
587 1218 695 1245 unus
729 1217 822 1244 eam
854 1218 943 1244 rem
975 1204 1020 1244 in
1051 1203 1222 1244 civitate
1255 1203 1309 1257 is,
1349 1204 1415 1245 cui
1449 1204 1720 1245 deferebatur
1747 1201 1789 1233 1²

163 1261 313 1314 honos,
347 1261 576 1313 abnuebat,
602 1262 821 1303 levitatem
848 1262 1038 1304 civitatis
1066 1276 1288 1317 accusans:
1322 1262 1519 1303 sorditati
1545 1263 1606 1303 rei
1631 1277 1718 1304 non

164 1320 378 1360 miseritos
411 1319 634 1361 candidam
667 1322 812 1375 togam
845 1321 978 1361 invito
1013 1320 1183 1375 offerre,
1222 1320 1369 1361 eodem
1401 1320 1582 1362 honores
1624 1335 1719 1375 poe-

165 1392 324 1432 nasque
357 1378 539 1432 congeri.
591 1379 627 1418 si
659 1379 797 1419 virum
829 1379 991 1420 bonum
1025 1379 1237 1431 ducerent,
1269 1379 1370 1433 quid
1402 1380 1462 1420 ita
1493 1394 1570 1433 pro
1603 1379 1718 1421 malo
1748 1378 1791 1408 13

164 1451 211 1478 ac
267 1436 394 1478 noxio
451 1436 757 1478 damnassent?
814 1438 850 1478 si
898 1437 1073 1479 noxium
1124 1438 1451 1491 comperissent,
1507 1438 1607 1492 quid
1657 1439 1719 1480 ita

163 1539 353 1582 qualitatis
409 1539 624 1574 bezeichnet
679 1540 794 1575 sehon
848 1540 908 1575 bei

165 1585 276 1621 Casar
307 1585 447 1621 Tracht
477 1586 554 1620 und
584 1586 788 1632 Kleidung:
820 1587 906 1621 Bri-

163 1635 272 1668 tanni
315 1634 445 1677 capillo
488 1637 573 1668 sunt
614 1635 810 1678 promisso:
854 1633 906 1668 sie

165 1681 300 1724 tragen
325 1680 453 1725 langes
479 1680 590 1715 Haar.

212 1739 326 1773 barba
368 1739 564 1784 promissa]
622 1738 766 1773 danach
823 1738 905 1774 liess

167 1797 255 1820 man
282 1786 320 1819 in
342 1785 447 1829 jener
473 1786 551 1820 Zeit
576 1785 809 1830 gewohnlich
834 1786 905 1821 den

166 1831 257 1866 Bart
281 1832 384 1866 nicht
408 1832 592 1867 wachsen.

210 1891 388 1935 insignem
425 1890 644 1935 memoriam]
682 1890 904 1934 ,‚deutliche‚

164 1937 377 1972 kenntliche
409 1937 682 1982 Erinnerung“;
714 1938 789 1983 vgl.
816 1939 904 1973 insi-

163 1985 268 2027 gnire
284 2001 327 2013 =
342 1984 533 2019 kenntlich
553 1984 726 2027 machen3
746 1986 903 2030 insigne:

164 2030 432 2066 Kennzeichen.

212 2087 243 2118 6.
294 2083 451 2129 tonderi]
502 2083 610 2127 „sich
660 2084 813 2119 scheren
862 2097 907 2119 zu

164 2129 322 2165 lassen“.
389 2132 463 2175 vgl.
512 2132 673 2166 eoeorari:
724 2131 804 2165 sich
854 2142 907 2165 er-

165 2177 331 2212 weichen
355 2177 495 2221 lassen3
521 2179 670 2220 moveri,
695 2179 788 2221 flecti
813 2191 847 2214 u.
875 2189 907 2213 a.

210 2230 410 2274 squalorem
436 2231 624 2274 deponere]
652 2230 909 2273 ,‚Trauerklei-

169 2275 268 2320 dung
302 2276 539 2321 abzulegen“.
589 2277 648 2319 29,
672 2282 726 2317 16,
748 2282 767 2312 6
802 2278 909 2312 obsiti

165 2323 328 2366 squalore
382 2327 414 2358 et
470 2325 652 2359 sordibus:
708 2325 746 2359 in
802 2324 910 2360 tiefer

165 2368 315 2403 Trauer.

212 2421 254 2455 in
285 2425 448 2456 senatum
483 2423 604 2458 venire
638 2443 682 2449 —-
719 2424 907 2470 coyebant]

166 2471 264 2503 w'are
289 2479 328 2502 er
347 2468 502 2503 Senator
527 2480 708 2513 gewesen‚
735 2482 775 2506 so
801 2471 907 2506 h’atte

165 2514 246 2549 dies
292 2514 398 2559 jeder
440 2515 593 2550 Beamte
636 2517 818 2561 gekonnt;
869 2528 908 2552 er

164 2571 241 2595 war
272 2561 388 2596 daher
420 2562 519 2596 wohl
552 2563 806 2607 ausgestossen
831 2565 908 2599 und

168 2608 295 2643 wurde
319 2619 392 2643 von
419 2608 545 2644 diesen
565 2608 748 2645 Censoren
772 2611 908 2646 wieder

169 2654 464 2699 aufgenommen.

216 2710 248 2741 7.
288 2708 391 2742 verbo
405 2708 688 2754 adsentiebatur]
707 2709 833 2744 merke
848 2709 907 2745 die

172 2753 253 2788 drei
278 2753 682 2800 Abstimmungsarten:
714 2757 818 2792 verbo
844 2757 907 2792 ad-

165 2801 316 2842 sentiri,
346 2801 496 2845 pedibus
527 2803 569 2836 in
599 2804 810 2838 sententiam
843 2805 907 2846 ire,

172 2847 348 2891 (stantem)
375 2849 585 2884 sententiam
609 2850 735 2886 dicere.

979 1681 1204 1715 verdiente“.

978 1727 1126 1809 &rageliz
1153 1728 1215 1762 des
1250 1728 1492 1773 Adjektivum
1522 1729 1720 1763 relativum

1003 1804 1009 1810 .
1079 1802 1086 1817 ,
1132 1804 1138 1810 .

1031 1541 1088 1575 M.
1109 1540 1197 1575 Liri
1219 1541 1380 1586 Macati]
1409 1541 1473 1576 der
1499 1553 1529 1576 c.
1550 1545 1605 1584 25,
1630 1546 1719 1577 1—-5

981 1588 1142 1622 erzahlte
1168 1588 1353 1633 Hergang.

1030 1637 1060 1669 8.
1101 1634 1270 1680 indigno]
1293 1635 1447 1678 ‚,einem‚
1475 1635 1540 1669 der
1561 1647 1597 1670 es
1616 1635 1722 1670 nicht

1274 1681 1363 1715 Zum
1413 1682 1607 1716 absoluten
1651 1682 1720 1717 Ge-

1028 1826 1081 1856 10.
1119 1825 1314 1856 recusasset
1347 1843 1390 1847 —
1421 1827 1721 1868 recusaturusque

979 1868 1079 1913 esset]
1103 1868 1257 1903 deutseh
1278 1868 1347 1903 mit
1365 1869 1629 1915 Hinzuffigung
1647 1882 1721 1906 von

980 1915 1140 1957 ‚,schon“
1150 1916 1224 1950 und
1235 1916 1393 1959 ‚‚noch“;
1406 1928 1446 1951 so
1455 1917 1652 1951 besonders
1660 1917 1721 1952 bei

979 1962 1270 2007 Wiederholung
1283 1974 1355 1997 von
1364 1963 1520 1998 Formen
1529 1964 1722 1999 desselben

979 2009 1211 2044 Zeitwortes:
1226 2014 1257 2044 et
1265 2011 1426 2045 diatimus
1433 2014 1464 2044 et
1472 2012 1643 2052 dicemus;
1659 2012 1722 2055 qui

978 2057 1113 2090 mortui
1136 2060 1232 2098 sunt,
1259 2057 1388 2101 quibus
1413 2058 1637 2092 moriendum
1660 2061 1719 2093 est.

1029 2106 1082 2137 11.
1110 2105 1288 2147 eqreyium
1307 2104 1397 2150 par]
1420 2104 1503 2147 „ein
1521 2103 1721 2139 treffliches

980 2149 1110 2184 Paar“.
1149 2149 1208 2193 24,
1230 2156 1261 2194 9,
1284 2155 1302 2185 7
1332 2152 1404 2186 tale
1428 2152 1614 2186 consulum
1634 2163 1719 2196 par.

982 2196 1016 2239 8,
1037 2200 1092 2240 29,
1116 2201 1158 2231 10
1181 2208 1253 2241 par
1278 2198 1407 2233 nobile.

1031 2248 1085 2278 12.
1123 2245 1319 2290 abnuebat]
1364 2256 1428 2287 „er
1470 2245 1596 2280 lehnte
1637 2245 1720 2280 ab“.

981 2290 1049 2325 Die
1094 2291 1316 2335 abgelehnte
1356 2291 1473 2326 Sache
1510 2292 1606 2337 folgt
1644 2294 1722 2327 ent--

981 2337 1105 2372 weder
1118 2336 1170 2371 im
1185 2337 1314 2373 Aecus.
1331 2338 1385 2373 als
1402 2339 1550 2383 Objekt.
1572 2351 1601 2374 c.
1617 2342 1673 2383 49,
1690 2344 1722 2374 3.

981 2385 1153 2428 laborem3
1178 2385 1266 2420 oder
1285 2386 1337 2419 im
1353 2385 1518 2421 Infinitiv
1538 2386 1722 2431 (letzteres

980 2442 1046 2466 vor
1070 2431 1148 2466 Liv.
1175 2431 1425 2477 dichterisch).

1027 2479 1144 2513 eodem
1181 2480 1339 2525 congeri]
1379 2480 1495 2514 eodem
1532 2491 1605 2514 von
1637 2479 1722 2514 Per-

980 2535 1105 2567 sonen,
1132 2525 1201 2560 wie
1226 2527 1322 2561 unde
1348 2526 1382 2568 1,
1403 2530 1460 2569 49,
1481 2531 1500 2561 5
1527 2526 1638 2570 (auch
1663 2526 1725 2562 bei

980 2571 1133 2616 Cicero).

1029 2622 1082 2653 13.
1121 2619 1210 2663 quid
1245 2619 1314 2664 ita]
1363 2630 1437 2663 erg.
1469 2622 1510 2654 ut
1542 2620 1723 2663 fecissent;

981 2665 1072 2699 stets
1124 2667 1163 2699 in
1217 2664 1544 2710 missbilligendem
1595 2666 1723 2710 Sinne;

980 2711 1054 2755 vgl.
1064 2711 1187 2755 3221,
1199 2716 1240 2746 13
1256 2712 1294 2746 in
1307 2711 1542 2757 viermaliger
1556 2713 1723 2748 Wieder·

979 2758 1121 2803 holung
1146 2771 1179 2794 u.
1207 2759 1240 2800 3,
1262 2762 1317 2800 40,
1340 2763 1393 2794 10.

1027 2806 1073 2849 si]
1114 2822 1158 2833 =
1194 2807 1227 2840 si
1256 2816 1337 2840 vero
1375 2806 1462 2841 oder
1498 2808 1556 2842 sin
1594 2811 1722 2851 autem,

980 2851 1049 2886 wie
1076 2851 1110 2895 S,
1131 2856 1187 2895 21,
1208 2856 1230 2886 4
1255 2854 1288 2888 si
1313 2853 1442 2888 bonam
1464 2874 1505 2879 -
1525 2856 1559 2889 si
1577 2855 1720 2890 malam.
