1926 3219
151 119 176 139 a.
198 111 250 138 Ch.
269 111 328 139 208.

608 98 749 134 LIBER
776 98 922 134 XXVII.
975 98 1076 134 CAP.

1104 102 1158 133 31.
1187 102 1241 134 32.
1645 96 1698 137 57

151 207 253 261 pitis
291 206 452 272 insigni
490 221 761 261 purpuraque
801 209 928 260 atque
968 206 1053 248 alio
1092 206 1211 260 regio
1249 204 1399 245 habitu
1445 207 1702 258 aequaverat

152 265 300 307 ceteris
334 278 377 305 se
410 265 455 305 in
488 265 684 320 speciem,
717 279 798 318 quo
831 264 938 305 nihil
972 265 1136 318 gratius
1170 267 1235 305 est
1261 263 1506 305 civitatibus
1534 263 1699 316 liberis;

150 322 502 390 praebuissetque
548 324 660 364 haud
705 324 875 364 dubiam
920 337 968 364 eo
1015 323 1127 364 facto
1173 336 1292 376 spem
1336 321 1564 371 libertatis,
1616 319 1698 362 nisi
1727 333 1746 364 5

150 383 295 422 omnia
326 381 596 423 intoleranda
627 382 802 423 libidine
835 381 960 423 foeda
992 396 1040 422 ac
1072 381 1280 422 deformia
1306 380 1526 421 effecisset.
1576 393 1701 433 vaga-

149 439 276 481 batur
314 441 425 481 enim
465 455 559 482 011111
598 454 682 481 11110
723 443 796 480 aut
835 440 972 480 altero
1012 440 1165 480 comite
1211 453 1286 492 per
1330 438 1506 479 maritas
1551 437 1700 479 domos

149 497 237 539 dies
272 501 519 552 noctesque,
552 502 594 539 et
625 497 929 538 summittendo
964 511 1007 536 se
1039 497 1082 536 in
1115 497 1331 550 privatum
1363 496 1585 550 fastigium
1619 510 1700 550 quo
1729 509 1748 540 6

148 557 289 598 minus
327 560 599 611 conspectus,
644 570 692 597 eo
732 555 912 596 solutior
950 557 1060 604 erat,
1102 557 1144 594 et
1181 554 1442 607 libertatem,
1481 568 1575 595 011111
1609 555 1702 595 aliis

148 630 302 656 vanam
336 615 608 667 ostendisset,
647 616 783 654 totam
815 613 859 653 in
892 627 1013 653 suam
1046 612 1263 653 licentiam
1306 615 1503 653 verterat.

1565 627 1700 666 neque
1729 625 1748 656 7

150 675 263 715 0111111
296 674 440 715 omnia
472 672 641 713 emebat
673 674 745 712 aut
779 671 1114 724 eblandiebatur‚
1147 670 1220 711 sed
1251 671 1338 711 vim
1371 671 1499 712 etiam
1525 670 1702 726 flagitiis

150 731 399 784 adhibebat,
439 730 810 785 periculosumque
843 732 885 770 et
915 730 1017 770 viris
1051 732 1092 770 et
1122 729 1372 782 parentibus
1411 732 1502 770 erat
1539 744 1703 770 moram

148 789 418 832 incommoda
458 788 684 829 severitate
725 788 893 829 libidini
930 788 1073 842 regiae
1105 788 1270 829 fecisse.
1321 787 1395 828 uni
1428 788 1556 828 etiam
1590 788 1701 842 prin·
1730 801 1749 832 8

148 848 232 902 cipi
270 847 541 888 Achaeorum
580 847 715 888 Arato
763 847 962 900 adempta
1006 860 1113 888 uxor
1156 846 1326 887 nomine
1363 845 1611 899 Polycratia
1656 861 1703 887 ac

150 920 223 960 spe
255 906 470 961 regiarum
503 906 749 959 nuptiarum
781 906 825 946 in
856 904 1152 946 Macedoniam
1185 907 1409 959 asportata
1440 904 1592 946 fuerat.

264 963 348 1005 Per
384 964 489 1005 haec
528 964 695 1018 flagitia
733 964 930 1005 sollemni
970 962 1231 1005 Nemeorum
1269 966 1441 1017 peracto
1474 963 1703 1018 paucisque
1731 976 1750 1008 9

148 1022 306 1064 additis
339 1022 488 1064 diebus
520 1022 682 1076 Dymas
715 1026 780 1063 est
811 1022 1027 1076 profectus
1061 1022 1113 1062 ad
1145 1022 1405 1076 praesidium
1437 1022 1704 1074 Aetolorum,

149 1081 260 1136 quod
288 1082 341 1123 ab
368 1081 487 1122 Eleis
515 1080 700 1123 adcitum
727 1083 1030 1135 acceptumque
1062 1081 1107 1122 in
1139 1080 1288 1121 urbem
1320 1083 1424 1134 erat,
1456 1081 1704 1123 eiciendum.

148 1139 374 1194 Cycliadas
402 1164 459 1169 -
486 1154 615 1194 penes
648 1154 744 1180 eum
776 1154 941 1180 summa
972 1139 1143 1193 imperii
1176 1141 1266 1180 erat
1295 1162 1345 1168 —
1375 1138 1618 1193 Achaeique
1652 1139 1703 1180 ad
1733 1152 1774 1183 10

149 1197 313 1253 Dymas
347 1199 439 1253 regi
472 1212 701 1252 occurrere,
734 1200 776 1239 et
800 1197 996 1239 Eliorum
1030 1197 1194 1239 accensi
1221 1197 1330 1251 odio,
1362 1197 1475 1251 quod
1501 1213 1526 1239 a
1552 1199 1704 1239 ceteris

147 1257 332 1299 Achaeis
366 1257 661 1310 dissentirent,
700 1259 743 1298 et
774 1256 929 1298 infensi
962 1256 1149 1308 Aetolis,
1191 1271 1296 1310 quos
1329 1255 1572 1298 Romanum
1607 1271 1704 1309 quo-

148 1330 228 1370 que
261 1316 462 1357 adversus
495 1330 539 1356 se
572 1315 755 1357 movisse
782 1315 942 1357 bellum
970 1315 1208 1356 credebant.
1258 1315 1439 1369 profecti
1466 1315 1518 1355 ab
1550 1314 1701 1368 Dymis
1731 1329 1773 1359 11

149 1375 375 1416 coniuncto
433 1373 618 1415 exercitu
667 1376 894 1415 transeunt
944 1373 1142 1415 Larisum
1194 1387 1378 1426 amnem,
1439 1373 1511 1427 qui
1561 1374 1706 1415 Elium

120 1440 123 1442 ’
150 1446 301 1488 agrum
335 1432 388 1473 ab
421 1431 616 1485 Dymaeo
650 1432 823 1473 dirimit.

194 1580 334 1623 insiym'
358 1580 614 1626 pmpuraque]
666 1579 730 1614 der
767 1579 892 1624 Konig

146 1627 249 1672 tr’agt
267 1626 329 1661 bei
353 1625 591 1662 offentlichen
611 1627 746 1661 Festen
766 1627 892 1662 seinen

146 1674 271 1709 vollen
303 1674 430 1708 Ornat.

198 1722 239 1755 in
258 1721 422 1766 speciem]
437 1733 520 1755 zum
535 1720 684 1761 Schein;
705 1719 742 1754 111
756 1720 890 1755 Wahr-

146 1767 228 1802 heit
246 1778 323 1802 war
342 1767 420 1802 sein
439 1767 641 1802 Verhalten
663 1747 890 1811 tyrannisch.

148 1815 322 1849 violentia
369 1814 444 1848 und
487 1815 633 1849 licentra
677 1815 892 1849 erscheinen

148 1863 241 1896 stets
292 1861 346 1896 als
396 1860 656 1896 Kennzeichen
705 1861 769 1896 des
818 1871 893 1896 mos

151 1918 282 1953 remus,

202 1958 232 1989 5.
271 1955 379 1998 foeda
399 1965 442 1990 ac
461 1955 652 2001 deformia]
682 1955 742 1999 „in
762 1955 891 1989 wider-

148 2001 267 2037 licher
322 2001 447 2036 Weise
507 2003 771 2044 verunstaltet3
829 2013 891 2046 ge-

148 2048 417 2084 wissermassen
430 2048 631 2084 karrikiert
643 2050 781 2084 h'atte“.
819 2050 891 2091 foe-

148 2096 234 2139 dus,
272 2095 331 2130 0111
368 2095 654 2140 Lieblingswort
696 2096 760 2130 des
798 2095 890 2139 Liv.,

147 2143 240 2177 wird
278 2154 350 2177 von
387 2142 452 2177 der
488 2142 693 2178 sinulichen
725 2142 890 2187 Empfin-

148 2189 249 2234 dung
269 2188 336 2223 auf
352 2189 412 2224 die
431 2189 753 2225 verschiedensten
771 2190 891 2234 Dinge

148 2235 388 2317 {pertragem
413 2235 482 2271 mit
494 2237 663 2279 deformis
676 2237 892 2272 verbunden

201 2309 209 2324 ‚
231 2286 285 2325 12,
305 2286 338 2317 8.

198 2332 230 2363 6.
256 2340 335 2364 cum
350 2340 424 2365 uno
442 2334 506 2365 aut
517 2330 645 2376 altero]
665 2330 757 2374 „mit
773 2330 893 2364 einem

151 2375 240 2410 oder
265 2376 361 2411 auch
391 2377 480 2412 zwei
506 2377 756 2422 Begleitern“;
793 2378 896 2412 sonst

151 2425 216 2456 aut
252 2432 444 2458 summum:
488 2424 549 2468 33,
582 2428 613 2466 5,
649 2429 678 2459 7.
717 2425 790 2459 duo
828 2426 894 2458 aut

149 2479 327 2504 summum
361 2473 441 2504 tres.
485 2469 545 2513 44,
574 2474 630 2513 38,
659 2475 690 2507 7.
721 2472 893 2506 hodierno

151 2519 217 2551 aut
240 2527 417 2551 summum
442 2518 600 2552 crastino
625 2519 692 2553 die.

197 2564 350 2598 maritas
369 2564 505 2609 domos]
528 2564 693 2606 „Hauser
712 2575 785 2600 von
798 2564 892 2599 Ehe-

152 2612 370 2652 mannern“;
409 2610 470 2645 ein
507 2609 771 2646 dichterischer
801 2613 892 2646 Aus-

151 2655 283 2698 druck,
314 2657 355 2691 in
378 2656 491 2692 Prosa
516 2669 585 2692 nur
609 2657 707 2701 hier,
739 2659 893 2693 maritus

150 2702 200 2737 ist
232 2705 334 2737 sonst
364 2715 445 2738 nur
472 2704 593 2740 Subst.

198 2750 450 2785 summittendo
471 2761 506 2786 se
524 2752 566 2786 in
581 2753 768 2796 privatum
787 2752 892 2794 fasti·

151 2796 304 2849 φανῇ,
308 2796 444 2839 ‚indem
469 2808 508 2832 er
533 2798 612 2833 sich
638 2811 700 2833 zur
723 2798 894 2843 Stellung

153 2842 252 2878 eines
266 2824 547 2879 P’rivatmannes
559 2845 796 2881 herabliess“.
817 2845 892 2890 vgl.

891 1431 1082 1473 Primum
1116 1431 1238 1485 diem,
1270 1446 1352 1486 quo
1384 1432 1481 1473 finis
1515 1432 1703 1474 hostium
1731 1441 1778 1477 32

965 1591 994 1615 c.
1007 1583 1060 1622 18,
1070 1584 1089 1615 6
1098 1579 1210 1615 1111ᾶο.
1222 1583 1276 1622 19,
1286 1583 1316 1614 6.
1339 1579 1529 1624 fastiyium
1541 1579 1708 1615 bezeich-

964 1629 1028 1661 net
1065 1628 1168 1662 sonst
1203 1626 1334 1661 immet
1370 1626 1486 1661 hohe
1527 1626 1706 1672 Stellung.

1011 1684 1080 1718 quo
1105 1674 1225 1708 minus
1251 1676 1456 1717 conspectus
1482 1684 1519 1708 eo
1538 1675 1706 1720 solutior]

965 1720 1024 1765 „je
1050 1720 1212 1765 weniger
1242 1720 1281 1754 111
1314 1719 1374 1754 die
1400 1721 1532 1765 Augen
1556 1721 1707 1764 fallend,

964 1779 1026 1802 um
1059 1778 1099 1802 so
1131 1767 1403 1811 ungenierter.“
1455 1768 1530 1812 vgl.
1557 1780 1601 1802 zu
1627 1779 1706 1803 con-

963 1818 1103 1859 spectus
1129 1824 1158 1848 0.
1179 1818 1235 1855 27,
1257 1818 1288 1849 3.

1011 1862 1052 1896 in
1077 1871 1180 1896 suam
1213 1861 1394 1896 licentiam
1426 1861 1596 1906 verterat]
1625 1861 1708 1905 „die

965 1907 1264 1950 Scheinfreiheit,
1299 1907 1358 1942 die
1392 1918 1430 1942 er
1460 1908 1621 1942 anderen
1647 1919 1708 1953 ge-

963 1954 1061 2000 zeigt
1080 1955 1195 1998 hatte,
1216 1956 1342 1989 nutzte
1362 1965 1400 1989 er
1419 1954 1478 1989 fur
1498 1955 1596 1990 seine
1616 1956 1708 1990 Aus-

963 2001 1192 2046 schweifung
1212 2004 1310 2036 aus“.
1348 2005 1445 2036 verto
1463 2001 1514 2036 ist
1531 2002 1570 2036 in
1590 2001 1710 2037 dieser

962 2049 1163 2094 Wendung
1177 2050 1277 2083 sonst
1290 2048 1458 2082 reflexiv:
1479 2048 1512 2090 2,
1524 2053 1557 2091 3,
1570 2053 1589 2083 3
1605 2050 1710 2084 liber·

962 2099 1070 2131 tatem
1084 2097 1240 2130 aliorum
1260 2096 1302 2130 in
1320 2106 1424 2130 suam
1442 2097 1587 2131 vertisse
1599 2097 1708 2131 servi-

962 2146 1089 2178 tutem:
1116 2143 1193 2185 „sei
1217 2142 1512 2187 ausgeschlagen
1536 2145 1616 2178 zu“.

1014 2194 1044 2226 7.
1083 2190 1373 2235 eblandiebatur]
1401 2190 1566 2232 „erwarb
1593 2190 1707 2224 durch

964 2237 1232 2282 Lockungen“;
1259 2237 1318 2272 bei
1343 2236 1421 2271 Liv.
1447 2248 1517 2270 nur
1542 2237 1632 2271 hier.

1012 2284 1238 2319 incommoda
1256 2283 1457 2328 severitate]
1482 2283 1623 2327 „durch
1642 2296 1707 2318 un-

966 2331 1099 2376 zeitige
1120 2330 1310 2375 Strenge“.
1357 2330 1431 2365 Der
1445 2330 1639 2365 Ausdruck
1658 2331 1708 2365 ist

968 2378 1034 2412 der
1070 2377 1298 2422 Auffassung
1341 2377 1406 2412 des
1449 2377 1591 2422 Konigs
1630 2380 1707 2412 ent-

966 2425 1169 2469 sprechend
1194 2424 1368 2469 gewahlt.

1014 2475 1044 2506 8.
1084 2472 1221 2517 Arato]
1260 2471 1343 2507 dem
1382 2470 1504 2506 Sohne
1543 2471 1607 2506 des
1646 2472 1707 2506 be-

964 2518 1138 2553 rfihmten
1163 2518 1311 2553 Aratus.
1338 2518 1398 2562 32,
1419 2522 1475 2561 21,
1497 2522 1540 2552 23
1567 2518 1707 2562 (Aratz)

964 2566 1036 2608 filii
1054 2576 1203 2600 umorem
1217 2566 1384 2600 libidinis
1398 2575 1510 2600 causa
1523 2566 1565 2599 in
1581 2565 1706 2600 Mace-

965 2612 1115 2647 doniam
1141 2616 1375 2657 asportatam.

1016 2662 1068 2692 10.
1107 2660 1248 2693 accensi
1273 2659 1371 2704 odio]
1399 2669 1495 2700 „von
1513 2657 1602 2692 Hass
1629 2660 1705 2693 ent-

965 2705 1142 2739 flammt“.
1217 2706 1258 2739 In
1313 2705 1546 2750 figfirlichem
1596 2704 1706 2740 8111110

967 2752 1050 2796 sagt
1081 2751 1158 2786 Liv.
1194 2753 1284 2786 stets
1317 2762 1486 2787 accensus
1516 2753 1592 2795 ira,
1625 2753 1707 2787 odio

965 2810 1000 2834 11.
1023 2809 1071 2839 a.;
1099 2811 1168 2833 nur
1192 2799 1230 2833 in
1257 2798 1321 2834 der
1342 2803 1372 2834 1.
1393 2798 1547 2834 Dekade
1566 2799 1707 2834 verein-

966 2845 1040 2880 zelt
1064 2846 1239 2881 incensus.
