1926 3219
156 145 181 164 a.
202 137 254 163 Cli.
279 138 338 163 208.

618 123 761 158 LIBER
787 123 932 158 xxvn.
983 124 1084 159 CAP.
1112 128 1167 158 22.
1195 129 1250 159 23.
1653 126 1709 168 43

156 232 208 273 ad
235 229 422 273 Siciliam
455 233 558 283 erat,
588 231 759 272 navium
793 231 1066 285 septuaginta
1093 232 1322 285 obtineret3
1357 231 1530 272 adderet
1556 246 1604 273 eo
1632 233 1707 273 tri-

154 290 275 345 ginta
312 303 459 341 naves,
498 303 605 342 quae
644 289 696 330 ad
728 289 959 330 Tarentum
992 290 1133 344 priore
1166 304 1278 331 anno
1310 290 1496 342 fuerant3
1529 304 1624 331 eum
1659 305 1709 332 ea

155 350 324 389 centum
356 347 531 388 navium
563 347 717 401 classe,
755 348 790 389 si
821 348 1036 389 videretur
1068 349 1122 400 ei,
1159 349 1410 402 praedatum
1442 348 1486 389 in
1518 347 1709 390 Africam

155 406 367 447 traiceret.

430 408 471 446 et
502 405 548 447 P.
581 404 785 460 Sulpicio,
823 410 871 447 ut
902 406 1048 446 eadem
1081 407 1217 447 classe
1250 406 1545 448 Macedoniam
1578 405 1706 447 Grae·
1736 415 1778 445 10

155 465 348 518 ciamque
379 464 644 517 provinciam
677 464 874 517 haberet,
905 467 1183 517 prorogatum
1216 465 1260 504 in
1293 479 1449 505 annum
1482 465 1709 518 imperium

152 525 230 563 est.

151 580 261 621 nihil
292 583 514 621 mutatum.

153 639 398 680 consulibus
430 637 695 691 permissum.

292 522 341 562 de
380 522 561 572 duabus,
601 536 708 575 quae
747 521 798 561 ad
836 521 984 561 urbem
1016 521 1198 561 Romam
1238 522 1424 575 fuerant,
1465 523 1708 576 legionibus

577 579 935 632 supplementum,
974 592 1056 631 quo
1091 592 1199 632 opus
1232 583 1360 632 esset,
1399 583 1447 620 ut
1478 581 1709 621 scriberent
1737 589 1775 619 11

757 650 844 676 una
876 638 917 676 et
949 636 1105 690 viginti
1137 636 1378 691 legionibus
1411 652 1459 679 eo
1493 652 1604 679 anno
1638 638 1707 679 de-

150 695 317 737 fensum
352 695 577 748 imperium
608 693 850 734 Romanum
882 696 957 735 est.

1020 696 1062 734 et
1093 694 1137 735 P.
1169 694 1334 736 Licinio
1367 695 1484 737 Varo
1518 697 1706 750 praetori
1736 705 1777 735 1-2

152 755 315 796 urbano
347 753 564 807 negotium
600 752 759 806 datum,
791 755 839 793 ut
869 752 990 794 navis
1023 753 1176 807 longas
1207 753 1389 807 triginta
1421 756 1583 795 veteres
1615 755 1708 795 refi-

151 814 277 865 ceret,
309 824 414 865 quae
442 809 587 852 Ostiae
614 813 747 863 erant,
774 813 816 852 et
841 811 996 865 viginti
1021 825 1157 852 novas
1181 811 1303 852 navis
1330 812 1455 853 sociis
1481 813 1706 854 navalibus

153 869 383 923 conpleret,
414 870 463 909 ut
494 869 807 923 quinquaginta
837 869 1009 910 navium
1043 870 1176 910 classe
1210 884 1329 911 oram
1360 871 1492 911 maris
1525 871 1708 912 vicinam

150 927 247 969 urbi
278 927 498 968 Romanae
530 927 641 968 tueri
673 930 830 981 posset.

893 925 938 969 C.
970 926 1227 981 Calpurnius
1260 928 1416 969 vetitus
1451 929 1503 969 ab
1534 929 1706 970 Arretio
1736 938 1778 969 13

148 999 319 1027 movere
345 986 590 1039 exereitum,
621 985 705 1026 nisi
731 999 825 1026 cum
854 999 1073 1027 successor
1097 987 1304 1040 venisset3
1337 986 1449 1027 idem
1475 989 1517 1028 et
1541 986 1707 1028 Tubulo

147 1044 424 1098 imperatum,
461 1046 510 1085 ut
546 1044 642 1085 inde
681 1044 908 1098 praecipue
947 1047 1133 1098 caveret,
1172 1059 1225 1085 ne
1263 1059 1347 1099 qua
1383 1059 1498 1086 nova
1529 1045 1709 1087 consilia

147 1104 377 1144 orerentur.

265 1160 490 1202 Praetores
521 1161 564 1202 in
596 1160 836 1215 provincias
867 1160 1068 1214 profecti,
1107 1162 1300 1203 consules
1332 1161 1484 1216 religio
1517 1162 1705 1215 tenebat,
1730 1166 1778 1201 23

146 1218 261 1273 quod
304 1219 513 1274 prodigiis
560 1220 725 1273 aliquot
767 1219 977 1260 nuntiatis
1023 1234 1110 1261 non
1147 1219 1272 1261 facile
1310 1220 1509 1261 litabant.

1576 1222 1619 1261 et
1657 1229 1753 1261 exa

148 1276 386 1331 Campania
428 1277 626 1318 nuntiata
670 1280 808 1330 erant,
859 1276 1027 1332 Capuae
1074 1278 1177 1320 duas
1223 1278 1357 1330 aedis,
1405 1277 1620 1319 Fortunae
1666 1280 1707 1319 et

146 1335 318 1389 Martis,
360 1338 402 1377 et
445 1336 640 1389 sepulcra
681 1336 846 1389 aliquot
889 1336 939 1377 de
983 1337 1100 1378 caelo
1140 1339 1276 1390 tacta,
1321 1334 1466 1378 Cumis
1507 1360 1559 1366 ——
1601 1336 1706 1378 adeo

147 1394 336 1435 minimis
375 1394 502 1435 etiam
541 1394 667 1435 rebus
706 1408 842 1447 prava
879 1394 1031 1449 religio
1070 1395 1220 1436 inserit
1259 1395 1360 1436 deos
1395 1418 1449 1424 —
1482 1409 1623 1436 mures
1663 1395 1707 1436 in

146 1452 248 1493 aede
273 1451 387 1493 Iovis
421 1466 570 1493 aurum
600 1452 770 1506 rosisse,
803 1450 951 1493 Casini
984 1467 1161 1494 examen
1191 1452 1336 1507 apium
1361 1453 1512 1507 ingens
1539 1453 1585 1493 in
1610 1452 1704 1494 foro
1733 1463 1752 1493 3

147 1509 401 1564 consedisse,
434 1512 477 1551 et
503 1509 650 1551 Ostiae
676 1525 844 1551 murum
869 1513 1124 1565 portamque
1151 1511 1201 1552 de
1227 1512 1343 1552 caelo
1369 1514 1541 1565 tactam,
1574 1509 1705 1552 Caere

144 1568 379 1609 vulturium
422 1569 588 1610 volasse
626 1569 673 1609 in
710 1569 857 1610 aedem
894 1568 1027 1623 Iovis,
1071 1569 1279 1611 Vulsiniis
1318 1570 1527 1624 sanguine
1563 1570 1704 1611 lacum

145 1640 357 1667 manasse.

144 1684 237 1726 fuit.

143 1834 222 1868 Liv.
268 1834 306 1868 in
350 1834 408 1869 die
450 1834 560 1869 For-m
610 1835 673 1869 des
716 1833 887 1869 Befehles

143 1881 252 1923 fiber,
304 1880 364 1915 bei
407 1880 652 1926 Wiedergabe
697 1892 770 1915 von
817 1881 886 1916 Be-

144 1927 337 1962 schh‘issen
363 1927 467 1962 nicht
492 1928 619 1962 selten.

194 1990 248 2020 12.
287 1986 477 2030 compleret]
519 1997 591 2020 von
628 1985 886 2030 Einschiffung

144 2033 210 2067 der
237 2031 412 2067 Soldaten
438 2033 512 2066 und
531 2032 775 2078 Bemannung
800 2036 885 2078 sagt

145 2079 223 2113 Liv.
257 2080 347 2114 stets
378 2080 550 2123 conplere.
577 2080 635 2123 22,
660 2084 714 2123 11,
735 2084 753 2114 7
781 2081 883 2114 navi-

143 2126 211 2160 bus
231 2145 274 2150 —
295 2126 466 2170 conpletis
485 2127 597 2161 milite
622 2137 665 2161 ac
689 2127 884 2162 ‘navalibus

140 2173 258 2208 sociis.

193 2235 246 2266 13.
287 2242 331 2265 ‘ne
355 2242 427 2275 qua
452 2241 545 2265 uova
571 2232 723 2266 consilia
743 2242 884 2267 oreren-

143 2277 220 2322 tur]
252 2288 325 2312 von
362 2277 710 2322 gefahrdrohenden
743 2278 884 2314 Planen

144 2323 220 2357 und
250 2324 603 2369 Unternehmungen
633 2325 684 2359 ist
714 2325 881 2362 stehend:

141 2369 262 2413 fraus,
283 2374 407 2413 motus,
433 2372 619 2414 tumultus,
643 2372 789 2407 iniuria
813 2373 884 2407 ori-

143 2419 214 2451 tur.
235 2415 295 2458 22,
315 2420 372 2460 43,
391 2421 423 2452 2.
443 2428 538 2453 nova
557 2419 710 2454 consilia
730 2439 773 2444 —
795 2420 884 2454 orie-

144 2463 292 2498 bantur.

192 2530 226 2556 e.
265 2520 328 2556 23.
378 2520 634 2566 Prodigien.
702 2522 883 2568 Apolli-

143 2567 303 2602 nische
330 2567 494 2612 Spiele.

194 2629 225 2658 1.
263 2636 337 2660 ‘non
402 2626 510 2668 facile
577 2627 748 2672 litabant]
813 2628 882 2662 wie

143 2673 352 2714 καλλιερεῖν
367 2688 410 2701 =
423 2673 597 2718 gfinstige
619 2673 886 2718 Opferzeichen

145 2717 333 2762 erlangen.
374 2729 402 2753 c.
430 2723 485 2762 23,
506 2724 538 2754 4.
576 2720 712 2754 hostiae
736 2740 781 2745 ——
807 2721 885 2755 sine

145 2763 311 2799 litatione
337 2774 467 2800 caesae.
509 2766 655 2801 Ebenso
674 2767 884 2810 perlitatum

143 2813 204 2845 est.
243 2811 302 2852 36,
332 2815 362 2856 1,
391 2815 423 2845 3.
463 2811 497 2853 9,
520 2817 574 2855 14,
594 2817 626 2849 4.
666 2814 809 2848 litatum
835 2817 885 2848 est

145 2876 188 2881 ——
215 2859 359 2902 eyreyie.
387 2857 420 2900 8,
442 2861 473 2900 9,
498 2862 527 2892 1.

422 1627 577 1668 horum
619 1627 916 1680 prodigiorum
962 1641 1091 1669 causa
1129 1628 1241 1669 diem
1277 1643 1409 1669 unum
1448 1627 1704 1682 supplicatio
1730 1638 1752 1667 4

304 1699 380 1739 per
405 1683 512 1726 ‘dies
551 1685 714 1739 aliquot
751 1685 918 1726 hostiae
957 1687 1141 1727 maiores
1180 1687 1271 1727 sine
1309 1686 1504 1727 litatione
1542 1700 1703 1740 caesae,

1009 1839 1040 1869 2.
1081 1839 1113 1870 et
1138 1846 1182 1870 ecc
1210 1835 1428 1880 Campania]
1463 1839 1495 1870 et
1527 1853 1571 1865 =
1604 1835 1704 1878 „und

959 1885 1095 1924 zwar“3
1135 1883 1217 1917 eine
1256 1882 1385 1917 zweite
1418 1882 1567 1927 Gruppe
1608 1882 1704 1927 folgt

959 1932 990 1970 §-
1018 1933 1037 1963 3
1065 1933 1097 1963 et
1124 1930 1254 1963 Ostiae.

1000 1998 1122 2031 prava
1153 1988 1279 2033 reliyio
1315 1988 1443 2022 inserit
1480 1988 1576 2031 deos]
1615 1987 1704 2030 „der

956 2034 1191 2079 Aberglaube
1235 2034 1352 2068 findet
1394 2033 1522 2069 Gottes
1567 2034 1704 2079 Finger

955 2080 995 2115 in
1034 2080 1105 2115 den
1136 2079 1355 2125 geringsten
1387 2080 1702 2125 Kleinigkeiten.“

955 2128 1110 2162 inserere
1128 2127 1166 2162 in
1186 2127 1467 2173 fibertragenem
1483 2127 1594 2162 Sinne
1610 2129 1701 2162 stets

956 2174 1026 2209 mit
1051 2174 1134 2209 dem
1161 2174 1284 2209 Dativ.

1004 2243 1135 2267 aurum
1149 2233 1292 2278 rosisse]
1308 2233 1382 2277 vgl.
1397 2232 1456 2275 30,
1473 2237 1504 2274 2,
1521 2236 1552 2266 9.
1569 2243 1699 2267 aurum

956 2279 998 2313 in
1041 2278 1222 2323 Capitolio
1270 2280 1369 2314 corvi
1410 2290 1485 2314 ‘nou
1529 2280 1701 2314 lacerasse

956 2328 1099 2360 tantum
1142 2326 1270 2360 rostris
1307 2326 1452 2368 crediti,
1497 2327 1557 2361 secl
1593 2326 1701 2360 etiam

957 2373 1086 2415 edisse‚·
1104 2383 1223 2407 mures
1235 2373 1344 2407 Antii
1363 2383 1531 2408 coronam
1551 2383 1699 2408 auream

958 2419 1133 2454 adrosere.

1003 2480 1036 2511 3.
1058 2488 1206 2512 examen
1226 2477 1368 2523 apium]
1391 2477 1456 2511 das
1473 2477 1698 2511 Erscheinen

955 2533 1029 2558 von
1044 2523 1414 2558 Bienenschw’armen
1433 2524 1522 2558 oder
1535 2520 1699 2568 Wesp'en

958 2569 1018 2613 35,
1040 2574 1072 2614 9,
1092 2575 1124 2604 4.
1151 2570 1233 2614 galt
1258 2571 1312 2605 als
1333 2571 1556 2615 prodiyium.

1003 2632 1036 2662 4.
1073 2629 1325 2672 prodiyiorum
1357 2628 1483 2673 causa]
1517 2628 1588 2662 mit
1611 2628 1697 2662 fest-

958 2674 1154 2709 stehender
1178 2674 1376 2719 Wendung
1403 2678 1487 2718 sagt
1511 2673 1591 2709 Liv.
1611 2684 1698 2718 pro-

957 2721 1137 2765 diyiorum
1187 2731 1299 2755 causa
1346 2721 1565 2765 supplicatio
1612 2721 1697 2763 fuit,

956 2777 1011 2801 res
1036 2768 1182 2802 divinae
1206 2767 1345 2810 factae,
1377 2768 1464 2802 libri
1488 2768 1598 2810 aditi;
1633 2767 1694 2802 da-

955 2813 1076 2848 neben
1113 2814 1155 2848 ob
1201 2813 1288 2848 oder
1319 2817 1471 2858 propter
1503 2815 1543 2849 id
1568 2815 1696 2858 prodi-

954 2861 1052 2905 qz'um
1078 2861 1298 2905 supplicatio
1322 2861 1397 2904 fuit
1421 2872 1454 2896 u.
1483 2871 1510 2894 S.
1537 2872 1580 2895 w.
