1926 3219
145 134 173 153 a.
194 126 246 152 Ch.
267 127 325 153 209.

646 113 789 148 LIBER
813 112 961 148 XXVII.
1013 114 1115 149 CAP.
1144 118 1197 148 10.
1647 116 1698 156 19

144 221 262 276 prius
297 220 478 262 aliarum
510 221 775 262 coloniarum
809 221 964 262 animis
1003 221 1243 262 citaverunt
1280 222 1444 276 legatos
1481 223 1697 276 quaesive—

143 281 326 333 runtque
365 279 418 320 ab
456 279 526 332 iis,
567 280 715 334 ecquid
754 280 912 321 milites
953 294 1002 321 ex
1040 280 1228 322 formula
1265 284 1438 334 paratos
1477 280 1696 323 haberent.

142 353 220 393 pro
247 337 539 391 duodeviginti
573 339 748 380 coloniis
782 338 836 380 M.
864 338 1064 380 Sextilius
1092 338 1372 393 Fregellanus
1403 340 1624 393 respondit
1655 343 1697 381 et
1722 349 1742 378 3

142 397 300 438 milites
338 410 388 437 ex
428 397 611 438 formula
648 400 823 451 paratos
863 411 973 449 esse,
1017 401 1059 438 et
1101 398 1135 438 si
1181 397 1373 451 pluribus
1419 413 1526 452 opus
1572 402 1696 452 esset,

142 455 276 509 pluris
310 454 502 508 daturos,
535 459 588 509 et,
622 455 824 510 quidquid
858 455 970 496 aliud
1003 456 1232 508 imperaret
1264 457 1475 510 velletque
1508 456 1694 511 populus
1721 466 1741 494 4

140 513 371 566 Romanus,
404 515 524 555 enixe
556 514 761 555 facturos:
794 513 846 554 ad
879 513 921 553 id
954 513 1034 553 sibi
1066 527 1202 567 neque
1235 528 1335 566 opes
1366 514 1511 555 deesse
1538 519 1579 556 et
1606 516 1695 556 ani-

141 587 258 614 mum
290 573 420 613 etiam
454 586 686 626 superesse.
731 570 925 612 consules
958 584 1109 624 parum
1136 571 1216 611 sibi
1243 572 1379 613 videri
1406 573 1589 626 praefati
1616 588 1693 627 pro
1722 583 1741 612 3

141 632 294 672 merito
328 645 473 673 eorum
505 645 581 671 sua
612 643 713 670 voce
746 628 994 670 conlaudari
1029 643 1112 682 eos,
1145 629 1227 670 nisi
1259 630 1445 671 universi
1473 634 1616 685 patres
1643 631 1694 672 iis

141 689 184 731 in
229 690 346 731 curia
389 689 549 744 gratias
595 688 804 743 egissent,
856 687 975 742 sequi
1018 688 1061 728 in
1108 691 1301 729 senatum
1347 703 1417 730 eos
1468 691 1695 731 iusserunt.

140 751 311 790 senatus
332 761 459 800 quam
478 749 648 801 poterat
673 746 1009 788 honoratissimo
1038 746 1205 788 decreto
1234 747 1457 789 adlocutus
1486 763 1556 789 eos
1578 763 1695 790 man·
1722 759 1742 789 6

140 807 213 848 dat
238 805 496 858 consulibus,
522 807 570 846 ut
596 805 647 846 ad
673 805 879 859 populum
907 819 1073 860 quoque
1100 819 1171 846 eos
1198 806 1479 860 producerent
1513 811 1554 847 et
1587 808 1696 848 inter

139 864 274 906 multa
306 863 391 904 alia
422 863 665 918 praeclara,
702 879 810 919 quae
842 864 947 918 ipsis
979 864 1298 919 maioribusque
1333 865 1420 906 suis
1460 866 1695 919 praestitis-

141 924 251 976 sent,
288 936 436 964 recens
477 923 605 963 etiam
645 923 844 964 meritum
885 937 1030 964 eorum
1068 923 1112 963 in
1144 937 1232 964 rem
1265 924 1480 978 publicam
1514 938 1695 965 comme-

137 985 366 1022 morarent.
415 995 468 1022 ne
500 996 611 1023 nunc
645 982 813 1036 quidem
846 984 945 1036 post
976 983 1042 1023 tot
1073 982 1244 1023 saecula
1270 982 1477 1024 sileantur
1503 982 1695 1024 frauden-
1723 992 1741 1022 7

136 1042 257 1081 turve
295 1040 421 1081 laude
461 1055 554 1081 sua:
600 1039 768 1095 Signini
807 1040 923 1081 fuere
973 1042 1016 1081 et
1057 1039 1253 1081 Norbani
1293 1039 1608 1096 Saticulanique
1653 1044 1696 1082 et

135 1097 378 1153 Fregellani
410 1102 452 1140 et
483 1098 682 1140 Lucerini
714 1102 755 1140 et
787 1099 997 1140 Venusini
1038 1101 1079 1139 et
1110 1099 1372 1140 Brundusini
1411 1104 1453 1141 et
1485 1100 1695 1141 Hadriani

137 1160 180 1198 et
222 1157 412 1198 Firmani
458 1161 499 1198 et
544 1158 856 1212 Ariminenses,
901 1160 944 1198 et
989 1158 1042 1198 ab
1088 1158 1221 1199 altero
1260 1158 1369 1199 mari
1407 1158 1610 1200 Pontiani
1652 1162 1694 1199 et
1720 1170 1740 1201 S

135 1214 342 1257 Paestani
376 1219 417 1257 et
449 1215 625 1270 Cosani,
659 1220 701 1258 et
733 1216 1035 1258 mediterranei
1066 1215 1360 1258 Beneventani
1392 1220 1434 1258 et
1466 1217 1694 1258 Aesernini

136 1277 178 1315 et
210 1273 422 1329 Spoletini
453 1277 496 1315 et
527 1274 765 1316 Placentini
798 1278 839 1315 et
871 1274 1192 1316 Cremonenses.
1244 1275 1396 1316 harum
1430 1275 1693 1317 coloniarum
1720 1287 1740 1317 9

136 1332 325 1375 subsidio
352 1336 442 1374 tum
469 1333 694 1386 imperium
725 1333 876 1388 populi
902 1332 1085 1374 Romani
1118 1335 1251 1387 stetit,
1284 1334 1420 1388 iisque
1453 1334 1618 1388 gratiae
1650 1335 1694 1375 in

136 1394 287 1433 senatu
320 1393 361 1432 et
392 1391 503 1445 apud
534 1391 742 1445 populum
775 1394 905 1432 actae.
958 1391 1181 1433 duodecim
1208 1392 1386 1433 aliarum
1415 1393 1693 1446 coloniarum,
1722 1405 1764 1434 10

136 1463 242 1505 quae
262 1449 607 1491 detractaverunt
626 1450 866 1504 imperium,
893 1450 1156 1492 mentionem
1176 1450 1269 1492 fieri
1291 1454 1436 1505 patres
1456 1454 1695 1505 vetuerunt,

132 1522 269 1562 neque
300 1508 397 1549 illos
431 1508 588 1549 dimitti
619 1523 757 1563 neque
785 1509 959 1550 retineri
985 1523 1124 1564 neque
1152 1510 1357 1563 appellari
1384 1525 1407 1550 a
1435 1510 1694 1551 consulibus.

137 1581 186 1609 ea
203 1567 335 1608 tacita
355 1567 583 1622 castigatio
605 1568 787 1608 maxime
809 1581 859 1608 ex
880 1567 1092 1622 dignitate
1118 1568 1267 1621 populi
1287 1567 1472 1610 Romani
1498 1569 1590 1610 visa
1617 1572 1694 1610 est.

252 1624 404 1667 Cetera
441 1626 779 1680 expedientibus,
825 1640 933 1680 quae
973 1626 1025 1667 ad
1061 1626 1224 1667 bellum
1265 1641 1372 1681 opus
1411 1630 1551 1681 erant,
1596 1642 1691 1669 con·
1720 1641 1761 1671 11

134 1741 235 1776 einer
253 1739 540 1786 Versammlung
560 1741 704 1776 sichern
728 1741 778 1775 sie
800 1742 879 1776 sich

133 1785 214 1822 eine
225 1787 426 1832 Majoritat.
449 1789 700 1832 pertemptatis
711 1789 804 1823 statt
816 1789 878 1824 des

132 1834 413 1878 gewohnlichen
430 1837 611 1879 temptatis
631 1835 728 1870 noch
749 1835 783 1879 2,
799 1840 830 1878 3,
846 1839 876 1871 6.

183 1881 308 1924 ecquid
354 1901 394 1906 —
439 1882 624 1927 haberent]
672 1899 715 1911 =
760 1893 879 1918 nomze

135 1928 321 1970 habereut3
349 1938 389 1962 so
417 1929 511 1962 auch
537 1928 674 1963 Cicero.

179 1985 223 2009 ex
254 1975 428 2020 formula]
464 1975 560 2010 nach
595 1976 660 2010 der
691 1976 877 2020 Matrikel,

132 2020 192 2062 22,
220 2024 276 2065 57,
304 2025 346 2056 10
384 2022 433 2056 ad
469 2023 598 2057 milites
636 2033 679 2057 ex
714 2024 876 2066 formula

131 2068 369 2112 accipiendos.

177 2118 209 2149 5.
224 2125 292 2150 sua
303 2125 384 2150 voce
397 2117 629 2162 conlaudari]
644 2128 746 2161 „nur
758 2117 875 2152 durch

129 2161 235 2196 ihren
279 2162 426 2196 Mund“.
473 2162 696 2209 Gegensatz:
730 2165 875 2199 vocibus

131 2208 260 2243 alienis
285 2209 320 2252 6,
340 2213 396 2252 36,
417 2212 449 2244 8.

179 2260 211 2290 6.
235 2256 511 2291 honoratissimo
537 2257 690 2302 decreto]
723 2258 874 2292 honora-

131 2304 188 2335 tus
225 2301 338 2337 heisst
374 2305 474 2338 sonst
511 2304 570 2338 die
608 2305 747 2339 Person
785 2305 873 2340 oder

133 2346 263 2391 Sache,
276 2349 415 2384 welche
427 2351 673 2395 geehrtm'rd3
687 2352 726 2386 in
739 2352 871 2386 transi-

129 2394 245 2429 tivem
267 2394 376 2430 Sinne
389 2414 433 2426 =
448 2397 587 2432 ehrend
607 2399 707 2433 steht
724 2399 870 2433 honori—

129 2441 220 2483 ficus
256 2441 317 2484 33,
350 2445 406 2486 20,
431 2448 452 2479 8
489 2448 636 2480 senatus
672 2446 873 2489 honorifica

130 2507 174 2513 -
199 2488 349 2523 decreta.

176 2536 271 2570 inter
281 2537 395 2570 multa
407 2537 535 2572 alia—
544 2538 667 2583 etiam]
676 2537 872 2574 livianisch

132 2580 225 2616 statt
254 2593 333 2617 eum
357 2584 472 2618 multa
497 2604 543 2609 —
568 2588 653 2619 tmn.
680 2585 740 2628 26,
761 2590 816 2629 50,
838 2590 869 2620 2.

169 2639 266 2679 ‘quae
283 2631 564 2676 praestitissent]
593 2642 692 2675 „was
725 2632 776 2666 sie
807 2643 869 2677 ge-

128 2674 256 2709 1e1ste1:
303 2675 468 2712 hffleu‘fi
520 2682 710 2722 praestare
758 2678 871 2713 heisst

130 2721 308 2764 „leisten“
328 2722 387 2756 bei
402 2724 481 2759 Liv.
501 2725 553 2759 im
571 2726 765 2761 weitesten
784 2725 870 2760 Um-

129 2768 251 2813 fange.
278 2768 352 2813 vgl.
381 2779 410 2802 c.
437 2773 469 2813 8,
491 2775 546 2806 19.

180 2820 210 2850 7.
235 2816 428 2861 sileantur]
457 2817 551 2859 „soll
573 2830 647 2854 von
671 2819 782 2854 ihnen
808 2830 869 2864 ge-

130 2862 338 2907 schwiegen
370 2863 552 2899 werden“.
599 2866 701 2901 silere
731 2877 803 2901 rem
834 2879 869 2901 u.

952 1752 1006 1776 res
1047 1742 1174 1776 siletur
1216 1741 1332 1777 findet
1374 1743 1451 1777 sich
1495 1743 1590 1777 auch
1632 1743 1693 1778 bei

952 1788 1090 1832 Cicero,
1116 1789 1218 1823 silere
1243 1790 1397 1833 aliquem
1427 1790 1475 1825 ist
1500 1790 1600 1824 sonst
1623 1801 1693 1824 nur

951 1835 1184 1870 dichterisch.
1212 1835 1272 1879 29,
1287 1839 1344 1878 24,
1359 1841 1390 1870 4.
1416 1838 1450 1871 si
1468 1837 1633 1872 sileretur
1647 1854 1690 1866 =

950 1893 1055 1916 wenn
1083 1893 1120 1917 es
1147 1882 1421 1927 verschwiegen
1447 1883 1582 1918 wiirde.

998 1930 1096 1967 fuere
1126 1933 1158 1964 et
1187 1950 1234 1954 —
1260 1933 1292 1964 et
1317 1950 1360 1954 —
1387 1930 1433 1975 et]
1481 1931 1545 1965 das
1581 1930 1690 1974 Poly—

950 1975 1132 2020 syndeton
1147 1976 1216 2011 soll
1231 1975 1289 2011 die
1303 1976 1690 2022 Mengeveranschau-

947 2023 1081 2057 lichen.

995 2074 1026 2105 8.
1053 2073 1085 2104 et
1099 2071 1143 2104 ab
1158 2071 1270 2105 altero
1282 2070 1393 2116 mari]
1420 2070 1498 2105 Liv.
1525 2070 1690 2105 scheidet

947 2117 1005 2151 die
1017 2116 1214 2151 italischen
1223 2117 1344 2151 Meere
1355 2117 1465 2152 meist
1474 2116 1512 2151 in
1520 2128 1690 2162 superum

946 2164 1021 2198 und
1056 2164 1233 2207 iizferum,
1268 2164 1384 2199 selten
1420 2164 1578 2199 Tuscum
1614 2165 1690 2199 und

946 2211 1191 2246 Adriaticum.
1236 2211 1342 2246 Nach
1357 2211 1596 2246 Brundusini
1614 2211 1689 2245 und

947 2258 1139 2293 Hadriani
1170 2259 1220 2292 ist
1246 2259 1396 2293 alterum
1421 2258 1501 2292 hier
1532 2257 1689 2292 zweifel-

943 2305 999 2340 los
1025 2321 1070 2334 =
1099 2305 1266 2340 Tuscum.

991 2351 1260 2397 mediterranei]
1292 2363 1382 2394 „aus
1415 2352 1497 2386 dem
1527 2351 1687 2386 Binnen-

943 2399 1089 2443 lande“‚
1106 2410 1177 2433 von
1198 2399 1269 2434 den
1285 2398 1439 2433 St'adten
1454 2398 1520 2433 auf
1529 2398 1587 2433 die
1601 2399 1687 2433 Ein-

944 2446 1095 2480 wohner
1119 2446 1351 2491 siberti-agen.
1378 2445 1438 2489 21,
1460 2449 1516 2488 60,
1536 2449 1558 2480 4
1576 2446 1686 2480 mari—

945 2493 1049 2528 timos
1062 2514 1106 2518 —
1115 2493 1272 2537 populos
1286 2513 1328 2518 —-
1342 2493 1383 2527 in
1405 2493 1684 2527 mediterraneis.

995 2544 1047 2574 10.
1073 2541 1228 2574 maxime
1277 2550 1321 2574 em
1369 2539 1561 2584 diqnitate]
1621 2538 1688 2573 der

941 2585 1137 2621 Ansdruck
1150 2586 1400 2628 verschleiert,
1420 2585 1499 2620 dass
1519 2597 1557 2620 es
1577 2585 1685 2620 keine

943 2633 1078 2667 andere
1086 2632 1333 2678 Moglichkeit
1340 2632 1423 2677 gab.
1435 2633 1508 2677 vgl.
1518 2632 1577 2676 31,
1590 2635 1643 2676 15,
1654 2636 1684 2666 1.

943 2690 986 2714 ecc
1011 2680 1189 2724 dimi-itate
1214 2680 1329 2724 mayis
1354 2681 1479 2713 visum..

990 2736 1020 2760 ο.
1055 2726 1115 2768 10,
1151 2730 1286 2760 ll—c.
1321 2725 1376 2760 12.
1416 2725 1685 2760 Amtshand—

941 2773 1109 2817 lnngen
1141 2773 1217 2807 cler
1248 2773 1461 2807 Beamten
1496 2773 1541 2806 in
1567 2772 1682 2807 Rom.

942 2819 970 2853 P
979 2830 997 2852 1·
1005 2830 1024 2854 ο
1035 2819 1078 2854 di
1087 2819 1131 2864 gi
1140 2829 1158 2853 e
1167 2831 1200 2854 n.

991 2871 1045 2902 11.
1073 2870 1186 2902 cetera
1212 2866 1496 2911 expedientibus]
1524 2866 1602 2911 „als
1632 2865 1683 2900 sie
