1926 3219
117 92 144 110 a.
167 83 219 110 ch.
239 85 298 110 207.
622 71 765 106 LIBER
790 69 934 104 XXVII.
987 70 1087 105 CAP.
1114 73 1170 104 45.
1616 69 1669 110 77

120 180 277 234 quippe
311 179 362 220 ad
395 179 506 233 quod
541 179 699 220 bellum
732 179 911 234 conlega
936 192 1021 219 non
1049 180 1160 231 ante,
1192 191 1318 232 quam
1348 176 1399 218 ad
1427 178 1671 219 satietatem

119 238 254 291 ipsius
287 236 475 291 peditum
510 240 638 292 atque
670 238 859 291 equitum
892 237 1017 277 datae
1044 236 1096 277 ab
1125 239 1275 277 senatu
1302 236 1450 290 copiae
1476 236 1671 290 fuissent,

117 296 301 337 maiores
335 296 727 350 instructioresque,
761 310 888 350 quam
922 296 957 336 si
985 295 1189 336 adversus
1216 295 1354 348 ipsum
1383 294 1670 336 Hannibalem

116 355 219 408 iret,
250 353 465 408 profectus
499 355 567 408 sit,
600 370 648 396 eo
682 355 776 408 ipsi,
810 355 845 394 si
879 357 1265 407 quantumcumque
1298 353 1450 394 virium
1483 368 1668 395 momen-

116 414 206 453 tum
247 412 503 467 addiderint,
540 427 627 454 rem
668 427 836 454 omnem
875 412 1165 453 inclinaturos.
1236 411 1427 452 auditum
1466 411 1592 453 modo
1625 412 1669 452 in

116 471 203 512 acie
237 495 291 500 —
324 486 423 512 nam
463 486 515 513 ne
555 475 652 512 ante
691 470 906 522 audiatur,
950 469 1147 509 daturum
1192 482 1365 522 operam
1402 492 1451 498 —-
1489 471 1669 510 alterum

115 529 334 570 consulem
368 533 410 570 et
442 531 621 571 alterum
654 528 884 569 exercitum
918 526 1142 567 advenisse
1174 525 1288 567 haud
1327 526 1499 568 dubiam
1537 528 1668 569 victo-

114 587 221 628 riam
261 587 486 630 facturum.
550 588 705 628 famam
744 585 906 626 bellum
945 584 1168 637 conficere,
1210 588 1251 625 et
1290 599 1421 638 parva
1453 588 1670 626 momenta

114 645 156 686 in
196 661 313 700 spem
354 650 594 699 metumque
634 643 851 698 impellere
891 643 1074 696 animos,
1123 643 1286 698 gloriae
1327 644 1496 698 quidem
1536 658 1585 685 ex
1625 659 1669 686 re

116 704 221 745 bene
248 708 369 759 gesta
396 706 544 758 partae
571 702 756 744 fructum
783 716 916 756 prope
943 715 1113 743 omnem
1140 702 1258 755 ipsos
1285 702 1468 756 laturos,
1502 717 1670 758 semper

113 763 224 816 quod
255 766 516 816 postremum
557 761 766 802 adiectum
808 761 881 815 sit,
920 760 961 801 id
1000 774 1089 801 rem
1129 762 1267 802 totam
1308 760 1441 801 videri
1475 763 1668 803 traxisse.

114 834 282 862 cernere
325 821 461 874 ipsos,
514 834 596 874 quo
642 834 866 873 concursu,
917 834 999 873 qua
1045 819 1346 873 admiratione,
1396 833 1479 874 quo
1522 819 1669 862 favore

114 879 335 920 hominum
368 878 449 919 iter
482 893 605 920 suum
635 879 882 919 celebretur.
927 881 970 918 et
994 877 1165 919 hercule
1190 892 1266 932 per
1290 878 1501 920 instructa
1527 880 1671 920 omnia

115 936 335 978 ordinibus
376 937 562 978 virorum
601 937 913 991 mulierumque
960 937 1143 990 undique
1184 951 1233 977 ex
1278 937 1394 992 agris
1439 937 1670 979 effusorum

117 995 228 1037 inter
260 998 360 1037 vota
393 1010 440 1037 ac
473 1010 618 1050 preces
652 999 693 1037 et
724 995 868 1037 laudes
902 994 1039 1036 ibant:
1072 995 1168 1036 illos
1201 996 1416 1049 praesidia
1447 996 1507 1037 rei
1532 996 1669 1050 publi-

115 1068 200 1107 cae,
226 1054 411 1095 vindices
438 1055 557 1096 urbis
579 1054 798 1096 Romanae
825 1054 1078 1108 imperiique
1105 1054 1399 1108 appellabant3
1426 1055 1469 1095 in
1495 1055 1669 1096 illorum

117 1113 246 1154 armis
280 1113 522 1168 dextrisque
556 1128 675 1155 suam
706 1113 1021 1167 liberorumque
1054 1127 1227 1154 suorum
1261 1113 1440 1154 salutem
1472 1127 1519 1154 ac
1546 1113 1669 1154 liber-

113 1173 247 1212 tatem
286 1172 518 1226 repositam
557 1186 659 1214 esse.
728 1172 828 1213 deos
868 1171 1005 1213 omnis
1045 1171 1228 1225 deasque
1274 1171 1579 1226 precabantur,
1622 1175 1670 1213 ut

114 1230 200 1270 illis
240 1230 426 1271 faustum
468 1232 566 1284 iter,
611 1231 713 1272 felix
755 1245 916 1286 pugna,
960 1232 1128 1271 matura
1167 1243 1216 1270 ex
1253 1229 1452 1272 hostibus
1489 1231 1670 1272 victoria

115 1291 238 1341 esset,
270 1288 653 1343 damnarenturque
686 1290 769 1343 ipsi
800 1293 1011 1342 votorum,
1043 1302 1150 1343 quae
1182 1303 1260 1343 pro
1288 1289 1340 1330 iis
1369 1290 1668 1343 suscepissent,

111 1350 175 1401 ut,
219 1362 343 1402 quem
389 1348 441 1388 ad
487 1348 658 1389 modum
703 1362 814 1389 nunc
856 1347 1027 1389 solliciti
1068 1350 1425 1402 prosequerentur
1469 1362 1559 1402 eos,
1608 1349 1669 1390 ita

158 1465 188 1496 3.
225 1463 274 1497 ad
321 1463 416 1506 quocl
466 1462 609 1508 bellum]
663 1463 722 1505 „in
767 1463 851 1498 dem
925 1462 1135 1507 Glaubigen
1172 1462 1208 1496 in
1244 1462 1445 1507 wichtigen
1476 1463 1667 1498 Entschei-

110 1508 256 1554 Kriege,
283 1521 326 1543 zu
346 1509 524 1544 welchem
552 1529 594 1534 -
622 1521 852 1555 ausgezogen
925 1510 1072 1554 dungen
1116 1509 1264 1544 werden
1311 1512 1402 1544 stets
1440 1510 1665 1545 verbunden.

111 1554 181 1597 sei,
214 1556 365 1590 wfirden
400 1556 452 1591 sie
479 1577 523 1581 —-
550 1557 621 1591 den
649 1557 853 1602 Ausschlag
925 1568 953 1591 0.
977 1561 1032 1599 50,
1055 1561 1084 1591 5.
1111 1557 1304 1600 suppliciis
1328 1558 1496 1601 votisque.
1543 1559 1667 1593 laudes

105 1602 260 1647 geben“.

155 1660 227 1684 rem
247 1660 382 1684 omnent
401 1650 659 1697 inclinaturos]
686 1651 751 1686 das
767 1651 851 1685 Bild

105 1695 155 1730 ist,
171 1706 242 1730 von
257 1696 322 1731 der
334 1697 453 1741 Wage
470 1697 652 1732 entlehnt:
669 1698 742 1741 „sie
758 1701 850 1732 wsir-

107 1742 179 1776 den
199 1742 258 1777 die
282 1743 414 1777 Schale
435 1756 518 1778 zum
537 1745 692 1789 Neigen,
715 1745 852 1779 Sinken

109 1789 288 1833 bringen“
320 1806 364 1819 =
397 1791 446 1841 ixffi
467 1790 543 1825 der
572 1791 760 1836 Richtung
792 1792 851 1826 die

110 1836 391 1881 Entscheidung
416 1837 544 1881 geben.
579 1838 638 1882 28,
660 1842 714 1879 15,
738 1843 767 1873 7.
795 1840 851 1873 in-

108 1883 281 1917 clinatam
313 1894 449 1919 sensere
480 1895 568 1926 rem3
605 1896 634 1920 c.
656 1889 711 1920 22.
733 1888 752 1919 8
779 1897 851 1920 rem

111 1930 327 1964 inclinatam
352 1943 386 1966 u.
409 1935 440 1965 ὃ.

153 1980 185 2010 4.
225 1977 392 2012 auditum
440 1978 560 2024 modo]

109 2022 346 2059 Nachricht“.
396 2025 470 2068 vgl.
492 2029 548 2069 37,
570 2029 602 2061 5.

156 2074 187 2104 5.
226 2071 363 2112 famam
394 2071 521 2106 bellum
552 2073 737 2118 conficere]
774 2073 849 2118 vgl.

105 2115 168 2158 34,
204 2121 257 2159 12,
291 2121 323 2151 4.
367 2128 470 2163 saepe
511 2130 609 2154 vana
643 2130 714 2164 pro
757 2121 849 2154 veris

111 2164 267 2199 maxime
292 2165 333 2198 in
358 2165 447 2200 bello
471 2167 637 2201 valuisse.

159 2211 296 2254 yloriae
315 2232 358 2236 -
377 2212 553 2257 fructum]
577 2214 671 2255 „den
686 2213 849 2256 Gewinn,

107 2255 174 2289 der
198 2256 236 2290 in
260 2258 382 2292 Ruhm
403 2279 446 2284 —
467 2260 654 2294 bestehe“.
691 2261 765 2304 vgl.
790 2261 850 2303 33,

107 2306 164 2344 33,
186 2306 217 2337 3.
243 2314 287 2338 ex
311 2308 383 2339 tam
402 2307 542 2351 insiqni
559 2308 696 2351 yloriae
713 2308 849 2350 fructu.

157 2353 186 2384 6.
214 2351 382 2396 traxisse]
404 2353 523 2395 „nach
543 2354 622 2388 sich
646 2357 846 2399 gezogen“,

110 2395 144 2429 d.
184 2396 218 2431 h.
259 2397 512 2441 entschieden3
556 2400 637 2436 eine
672 2401 734 2436 bei
770 2401 848 2436 Liv.

110 2442 257 2488 haufige
276 2444 485 2490 Wendung.
511 2445 571 2490 26,
594 2452 624 2490 1,
645 2451 666 2481 4
687 2451 851 2483 traxerat

110 2490 250 2534 aliquot
271 2492 435 2535 populos.

156 2547 226 2581 quo
260 2538 400 2584 favore]
438 2539 545 2582 favor
579 2538 649 2584 eig.
682 2540 849 2576 Beifalls-

110 2581 343 2630 bemugung,
382 2585 451 2620 wie
484 2586 536 2621 sie
567 2586 606 2621 in
636 2587 703 2621 der
728 2588 849 2623 Arena

111 2628 239 2664 fiblich
258 2630 323 2665 ist:
349 2631 408 2674 42,
430 2636 486 2676 63,
506 2637 538 2667 2.
564 2634 694 2676 studio,
714 2644 783 2678 quo
803 2655 847 2660 —-

108 2676 151 2710 in
178 2678 433 2714 certaminibus
459 2680 612 2716 ludicris
629 2681 758 2726 vulqus
777 2683 848 2716 uti-

112 2725 175 2757 tur
200 2743 243 2748 —
269 2724 434 2766 favendo.

164 2773 196 2805 7.
233 2774 316 2805 vota
342 2782 384 2806 ac
409 2774 546 2820 preces]
576 2774 741 2810 Gelfibde
774 2776 848 2810 und

111 2814 250 2852 Gebete
301 2818 356 2852 als
399 2819 703 2865 Hauptpflichten
749 2823 848 2858 eines

607 1979 690 2022 „die
734 1979 849 2014 blosse

923 1603 1008 1637 tritt
1062 1603 1115 1637 als
1172 1603 1303 1638 drittes
1363 1604 1667 1649 selbststandiges

924 1649 1031 1684 Glied
1055 1650 1170 1684 durch
1191 1654 1223 1685 et
1243 1650 1440 1685 {iusserlich
1460 1652 1666 1696 angereiht,

923 1696 1042 1731 hinw.

971 1744 1166 1788 repositam
1191 1744 1277 1790 esse]
1307 1744 1543 1789 gewohnlich
1568 1755 1667 1789 spes

924 1792 1081 1835 reposita
1119 1794 1168 1825 est
1204 1792 1246 1825 in
1283 1792 1352 1835 αἶς.
1397 1803 1444 1826 re.
1489 1791 1523 1834 1,
1550 1795 1605 1834 49,
1633 1796 1665 1826 4.

924 1838 985 1879 30,
1008 1842 1062 1879 16,
1083 1841 1102 1871 2
1129 1849 1163 1871 u.
1185 1841 1219 1872 ὂ.
1267 1837 1357 1872 Hier
1382 1840 1475 1872 statt
1498 1849 1576 1882 spes
1602 1839 1667 1873 der

923 1884 1047 1918 Inhalt
1062 1884 1126 1918 der
1139 1884 1327 1929 Hoffnung
1339 1886 1440 1920 salus
1453 1896 1496 1919 ac
1509 1886 1666 1920 libertas.

973 1935 1004 1965 8.
1040 1932 1202 1974 faustum
1223 1932 1302 1974 iter,
1328 1933 1575 1977 feliaevpuyna,
1594 1943 1668 1967 ma-

922 1981 1008 2012 tura
1034 1998 1077 2003 —
1103 1979 1272 2024 victoria]
1306 1978 1365 2013 die
1398 1979 1476 2013 drei
1507 1979 1566 2013 fur
1597 1980 1668 2014 den

922 2025 1052 2070 Erfolg
1088 2025 1326 2070 wichtigsten
1364 2026 1667 2070 Hauptwiinsche

923 2072 962 2106 in
987 2072 1340 2107 naehdrfiekliehem
1365 2073 1591 2116 Asyndeton.

969 2130 1013 2153 ea:
1043 2119 1203 2153 hostibus
1234 2119 1403 2165 victoria]
1438 2119 1503 2154 das
1527 2119 1668 2154 Fehlen

927 2165 990 2201 des
1023 2165 1203 2210 Partizips
1240 2166 1318 2200 lata
1355 2168 1444 2200 oder
1479 2171 1665 2211 reportata

924 2213 1109 2247 erscheint
1122 2213 1223 2254 hart3
1239 2213 1313 2257 vgl.
1323 2213 1460 2257 jedoch
1474 2212 1534 2255 28,
1548 2217 1606 2256 45,
1622 2218 1664 2249 18

923 2260 1035 2294 abiete
1053 2280 1092 2284 -—
1107 2271 1150 2294 ex
1160 2260 1260 2294 silvis
1269 2272 1302 2295 u.
1312 2271 1343 2294 a.
1372 2259 1481 2294 Sonst
1494 2261 1664 2305 sagtLiv.

923 2306 957 2350 8,
979 2310 1010 2347 8,
1033 2310 1074 2341 18
1119 2317 1162 2342 ea:
1188 2307 1394 2342 centurione
1414 2327 1455 2331 —
1476 2308 1666 2342 victoriam

921 2354 1041 2388 tulit.
1091 2353 1125 2395 2,
1159 2357 1215 2396 50,
1245 2358 1264 2388 2
1302 2365 1346 2389 ex
1381 2354 1526 2389 civitate
1556 2355 1665 2389 victo-

921 2401 1017 2435 riam
1041 2401 1161 2435 tulit.

971 2448 1303 2492 damnarenturque
1328 2468 1370 2472 ——
1392 2448 1568 2493 votorum]
1592 2447 1663 2492 eig.

922 2505 985 2528 zur
1016 2494 1215 2539 Erffillung
1246 2495 1311 2529 der
1339 2494 1505 2529 Geh‘ibde
1537 2505 1663 2529 verur-

922 2540 1007 2575 teilt
1043 2541 1194 2575 wfirden
1226 2558 1270 2571 =
1299 2545 1471 2586 compotes
1501 2545 1663 2576 votorum

919 2588 1060 2630 fierent3
1095 2588 1263 2622 letzteres
1295 2589 1344 2622 ist
1373 2588 1435 2622 bei
1465 2587 1545 2623 Liv.
1571 2588 1662 2622 h‘au-

920 2634 1027 2678 figer;
1053 2634 1128 2678 vgl.
1145 2634 1280 2678 jedoch
1297 2635 1329 2679 7,
1343 2637 1400 2677 28,
1415 2638 1446 2669 4.
1467 2635 1663 2670 damnatus

920 2681 1002 2715 voti.

969 2731 1000 2762 9.
1037 2738 1138 2771 quem
1169 2728 1217 2761 ad
1247 2728 1390 2762 modum
1423 2748 1467 2754 —-
1498 2728 1567 2774 ita]
1601 2728 1662 2764 bei

921 2773 1000 2808 Liv.
1034 2774 1088 2809 oft
1119 2775 1209 2808 statt
1234 2775 1298 2808 des
1325 2775 1662 2811 ciceronianischen

922 2824 963 2855 ut
988 2841 1030 2846 -
1057 2822 1120 2855 ita.
1162 2821 1221 2864 26,
1245 2825 1299 2863 12,
1321 2826 1351 2856 7.
