1926 3219
717 719 882 765 ΤΙΤΙ
920 718 1086 765 LIVI

593 823 674 864 AB
706 821 880 866 URBE
914 820 1208 864 CONDITA

740 914 885 950 LIBER
910 913 1059 948 xxvii.

241 1014 321 1055 Hic
355 1016 492 1054 status
524 1014 664 1053 re'rum
697 1012 741 1052 in
771 1009 982 1064 Hispania
1013 1011 1122 1062 erat3
1153 1008 1199 1049 in
1230 1007 1357 1049 Italia
1390 1008 1536 1050 consul
1569 1007 1677 1050 Mar·
1707 1010 1721 1039 1

123 1074 255 1116 cellus
282 1071 454 1127 Salapia
487 1085 562 1126 per
592 1070 878 1125 proditionem
910 1070 1081 1122 recepta
1106 1067 1370 1109 Marmoreas
1403 1070 1444 1108 et
1469 1066 1602 1108 Meles
1629 1067 1678 1108 de

123 1131 387 1175 Samnitibus
433 1131 475 1171 vi
519 1130 642 1184 cepit.
712 1128 763 1170 ad
801 1128 886 1169 tria
925 1127 1047 1168 milia
1084 1126 1269 1167 militum
1308 1126 1369 1167 ibi
1406 1125 1679 1179 Hannibalis,
1705 1126 1725 1157 2

125 1205 232 1246 quae
263 1189 465 1245 praesidii
495 1203 622 1230 causa
647 1187 800 1229 relicta
826 1189 959 1239 erant,
992 1199 1210 1240 oppressa.
1270 1184 1428 1239 praeda
1454 1209 1508 1214 --
1537 1187 1578 1226 et
1603 1184 1680 1225 ali-

124 1251 330 1305 quantum
368 1248 456 1289 eius
495 1247 577 1289 fuit
606 1271 663 1276 —
695 1246 823 1287 militi
861 1258 1072 1286 concessa.
1133 1244 1266 1285 tritici
1299 1258 1465 1298 quoque
1498 1243 1680 1285 ducenta

125 1307 412 1363 quadraginta
449 1306 566 1347 milia
604 1305 793 1347 modium
832 1307 873 1344 et
905 1307 1073 1345 centum
1105 1302 1249 1344 decem
1281 1302 1400 1343 milia
1438 1302 1587 1344 hordei
1619 1302 1679 1342 in-
1736 1313 1743 1319 “

125 1369 264 1408 venta.
321 1368 506 1407 ceterum
538 1377 806 1418 nequaquam
839 1362 938 1403 inde
964 1364 1132 1402 tantum
1159 1361 1362 1415 gaudium
1387 1360 1482 1410 fuit,
1519 1364 1680 1415 quanta
1706 1362 1725 1393 3

129 1425 270 1467 clades
314 1424 428 1465 intra
471 1437 630 1477 paucos
669 1422 759 1463 dies
798 1423 973 1475 accepta
1011 1423 1075 1461 est
1112 1419 1227 1461 haud
1265 1419 1414 1474 procul
1452 1418 1680 1461 Herdonea

125 1484 242 1525 urbe.
293 1485 434 1523 castra
458 1482 518 1523 ibi
546 1479 620 1523 Cn.
647 1480 820 1522 Fulvius
846 1478 1075 1534 proconsul
1100 1477 1289 1519 habebat
1314 1493 1388 1532 spe
1413 1478 1680 1532 recipiendae
1707 1481 1727 1510 4

123 1541 389 1594 Herdoneae,
415 1555 521 1595 quae
547 1543 647 1594 post
666 1538 933 1581 Cannensem
960 1537 1126 1579 cladem
1152 1537 1205 1578 ab
1225 1536 1432 1578 Romanis
1456 1537 1682 1591 defecerat,

126 1615 205 1642 nec
230 1601 324 1642 loco
352 1600 457 1641 satis
482 1602 576 1640 tuto
603 1598 746 1653 posita
770 1611 847 1639 nec
872 1596 1096 1652 praesidiis
1122 1596 1305 1637 firmata.
1362 1596 1680 1651 neglegentiam
1708 1599 1726 1628 5

127 1660 302 1701 insitam
328 1658 501 1713 ingenio
530 1658 646 1699 ducis
674 1656 860 1712 augebat
886 1670 984 1710 spes
1011 1670 1072 1708 ea,
1101 1655 1216 1711 quod
1242 1655 1386 1696 labare
1407 1655 1458 1696 iis
1479 1655 1681 1696 adversus

126 1719 316 1760 Poenum
359 1717 485 1758 fidem
523 1719 731 1770 senserat,
775 1718 1004 1770 postquam
1044 1713 1215 1768 Salapia
1253 1713 1410 1755 amissa
1448 1713 1681 1755 excessisse

126 1778 179 1819 iis
218 1776 324 1819 locis
362 1776 405 1817 in
438 1775 635 1817 Bruttios
668 1774 955 1816 Hannibalem
994 1772 1187 1814 auditum
1224 1775 1301 1814 est.
1363 1786 1412 1813 ea
1449 1773 1592 1814 omnia
1627 1772 1680 1814 ab
1709 1775 1728 1803 ὓ

128 1835 358 1877 Herdonea
394 1848 470 1889 per
508 1834 696 1876 occultos
727 1832 903 1874 nunt-ios
936 1832 1078 1873 delata
1108 1830 1346 1872 Hannibali
1378 1832 1505 1872 simul
1536 1845 1681 1872 curam

129 1894 268 1936 sociae
306 1892 552 1934 retinendae
591 1892 710 1933 urbis
749 1895 792 1934 et
831 1905 950 1946 spem
986 1890 1123 1932 fecere
1161 1890 1379 1931 incautum
1410 1890 1578 1931 hostem
1611 1889 1681 1931 ad-

127 1952 360 2008 grediendi.
423 1951 607 1993 exercitu
640 1951 848 2005 expedito,
879 1950 941 1990 ita
971 1951 1020 1990 ut
1049 1950 1209 1990 famam
1240 1963 1372 2002 prope
1400 1949 1682 2002 praeveniret,

940 2065 1071 2110 clades]
1100 2064 1352 2109 „keineswegs
1385 2063 1501 2099 soviel
1528 2062 1681 2107 Frende,

939 2112 994 2146 als
1027 2112 1143 2146 durch
1173 2112 1232 2146 die
1258 2111 1481 2156 Niederlage
1508 2111 1680 2145 Trauer“.

941 2159 1041 2194 Statt
1066 2159 1132 2193 der
1158 2170 1222 2193 aus
1247 2159 1311 2193 der
1331 2159 1449 2193 clades
1469 2158 1681 2193 entstehen-

175 2077 209 2102 e.
232 2066 340 2102 1—2.
386 2066 526 2111 Krieg
552 2066 595 2100 in
621 2066 799 2101 Italien.

177 2118 207 2147 1.
244 2114 302 2148 hic
343 2117 459 2148 status
507 2113 641 2158 rerum]
694 2113 866 2147 ahnliehe

128 2160 403 2205 Buchauffiuge,
424 2159 563 2195 welche
584 2160 654 2195 den
668 2170 787 2205 engen
801 2160 864 2194 Zu-

127 2207 398 2250 sammenhang
408 2207 476 2241 mit
486 2207 569 2241 dem
581 2207 735 2252 vorigen
744 2207 867 2242 Buche

127 2254 327 2289 beweisen:
369 2253 404 2297 4,
433 2258 463 2294 1,
491 2258 521 2288 1.
566 2254 628 2288 hos
665 2255 778 2288 secuti
811 2254 866 2288 M.

128 2301 312 2336 Genucius
356 2305 388 2336 et
433 2300 469 2336 G.
504 2300 653 2336 Curtius
697 2301 867 2336 consules.

129 2348 164 2389 9,
187 2352 218 2390 1,
246 2353 275 2383 1.
313 2348 374 2389 33,
398 2353 426 2391 1,
450 2352 479 2382 1.
500 2360 534 2383 u.
556 2351 588 2382 ὃ.

180 2395 412 2430 Marmoreas
425 2399 456 2429 et
469 2396 517 2428 M
517 2395 597 2440 eles]
615 2394 674 2429 die
686 2395 868 2429 romische

128 2441 406 2486 Kriegffihrung
440 2442 665 2477 beschr‘ankt
697 2442 776 2476 sich
808 2442 875 2476 auf

130 2488 363 2532 &Vegnahme
399 2489 512 2523 fester
547 2489 689 2532 Platze,
728 2501 790 2523 um
829 2500 868 2524 so

125 2535 213 2569 dem
227 2535 270 2569 H.
293 2534 364 2569 den
377 2535 501 2570 Boden
521 2535 716 2580 allmahlig
734 2547 776 2569 zu
792 2536 867 2570 ent-

131 2581 269 2616 ziehen.
296 2581 338 2616 In
353 2582 478 2616 diesen
493 2584 595 2617 sonst
607 2582 867 2617 unbekannten

137 2629 250 2662 Orten
275 2629 396 2663 verlor
422 2640 462 2663 er
486 2629 586 2664 seine
612 2629 814 2673 Magazine.

178 2677 211 2709 2.
249 2676 427 2721 concessa]
461 2676 520 2710 fiir
551 2675 610 2710 die
638 2676 762 2720 hiiufig
787 2686 869 2709 vor-

129 2720 353 2755 kommende
371 2721 636 2767 Uberweisung
663 2734 734 2757 von
754 2723 869 2756 Beute

131 2779 178 2801 an
199 2767 258 2802 die
280 2766 456 2803 Soldaten
476 2769 558 2804 sind
574 2770 749 2814 praedam
761 2770 871 2804 militi

130 2815 318 2850 concedere
338 2815 425 2849 oder
438 2816 525 2850 dare
538 2818 745 2862 stereotype
759 2815 869 2850 lVen-

129 2863 289 2906 diingen.

179 2912 210 2942 3.
255 2912 397 2943 tamum
435 2909 609 2953 yaudium
650 2931 695 2935 —
732 2914 869 2955 quanta

201 2973 259 2998 Tit.
281 2973 347 2999 Liv.
375 2975 409 2999 B.
430 2975 471 2999 27.

941 2207 1011 2241 den
1038 2206 1177 2241 Trauer
1208 2205 1299 2240 wird
1331 2206 1389 2240 die
1421 2206 1538 2239 clades
1569 2204 1683 2239 selbst

940 2253 1010 2288 mit
1033 2254 1209 2297 yaudz'um
1244 2254 1281 2287 in
1314 2252 1590 2297 Vergleichung
1621 2262 1682 2296 ge-

942 2302 1045 2334 setzt.

988 2348 1088 2382 haud
1095 2348 1222 2392 procul
1231 2347 1439 2392 Herdonea]
1450 2346 1522 2391 vgl.
1533 2349 1683 2388 c.16‚14.

941 2395 1040 2429 haud
1054 2395 1186 2439 procul
1206 2395 1433 2439 BIetaponto.
1454 2406 1488 2427 u.
1511 2397 1564 2435 ὃ.,·
1589 2393 1684 2427 ohne

942 2443 987 2476 ab
1012 2442 1052 2475 in
1074 2442 1189 2476 Prosa
1207 2444 1284 2476 erst
1303 2441 1373 2476 seit
1394 2441 1471 2475 Liv.

989 2493 1021 2524 5.
1061 2489 1186 2523 labare
1226 2489 1274 2522 iis
1311 2489 1483 2523 adversus
1523 2487 1685 2521 Poenum

940 2535 1060 2581 sidem]
1114 2536 1205 2570 statt
1254 2536 1301 2570 iis
1344 2533 1576 2579 gewohnlich
1621 2533 1686 2567 der

943 2582 1108 2617 Genitiv:
1153 2583 1189 2626 2,
1222 2586 1278 2626 39,
1313 2586 1367 2616 10.
1409 2582 1532 2616 labare
1568 2580 1686 2624 plebis

946 2630 1095 2664 animos.
1130 2651 1173 2654 —
1206 2630 1256 2663 Zu
1287 2629 1457 2664 adversus
1487 2628 1523 2662 in
1557 2628 1685 2672 gutem

944 2675 1055 2710 Sinne
1093 2676 1154 2717 29,
1174 2680 1260 2719 S‚2.
1293 2677 1335 2711 ob
1373 2675 1547 2719 eyreyiam
1580 2674 1685 2717 fidem

943 2723 1115 2758 adversus
1134 2723 1329 2757 Romanos.
1367 2722 1484 2766 (Auch
1503 2721 1563 2755 bei
1585 2719 1684 2765 Cic.).

991 2774 1022 2804 6.
1060 2771 1194 2812 famam
1204 2780 1319 2814 prope
1328 2767 1570 2814 praeveniret]
1579 2778 1685 2812 prae-

942 2818 1046 2851 venio
1066 2817 1181 2851 findet
1200 2817 1279 2851 sich
1299 2816 1360 2851 bei
1373 2816 1450 2851 Liv.
1472 2815 1556 2850 sehr
1575 2815 1684 2850 oft=

944 2864 1241 2907 zuvorkommen,
1267 2863 1335 2898 mit
1355 2863 1439 2898 dem
1458 2862 1683 2903 Akkusativ;

943 2909 1003 2944 bei
1029 2910 1216 2945 Friiheren
1241 2911 1354 2944 nicht.

1382 2973 1398 3002 1
