1926 3219
167 314 208 344 13
234 306 468 360 popularis.

165 661 207 691 15
234 653 405 694 faceret.

163 894 205 923 17
233 887 302 928 dio
340 886 588 927 redduntur.

161 1123 210 1157 18

237 83 295 125 34
696 82 840 117 LIBER
865 82 1012 118 xxvii.

1065 82 1167 118 CAP.
1197 87 1250 116 17.
1279 87 1331 118 18.
1636 105 1661 123 a.
1682 106 1709 124 u.
1729 99 1794 125 545.

239 204 316 231 sua
347 190 391 230 in
423 189 549 231 duces
585 188 953 243 Carthaginiensis
985 189 1353 242 commemoravit,
1385 191 1610 232 avaritiam
1642 194 1793 233 contra.

236 261 383 289 eorum
426 247 756 302 superbiamque
797 248 839 286 et
877 245 1014 286 omnis
1054 245 1222 298 generis
1265 246 1441 289 iniurias
1485 249 1529 289 in
1573 263 1617 290 se
1662 252 1791 303 atque

530 305 673 356 itaque
711 316 866 355 corpus
907 302 1132 343 dumtaxat
1164 317 1286 343 suum
1318 304 1371 345 ad
1402 305 1446 345 id
1475 309 1644 361 tempus
1678 307 1790 361 apud

234 378 307 405 eos
346 364 496 414 fuisse3
537 362 727 402 animum
766 360 851 400 iam
883 359 1049 414 pridem
1081 360 1141 401 ibi
1174 374 1283 414 esse,
1321 361 1394 402 ubi
1426 363 1490 404 ius
1524 379 1573 406 ac
1603 365 1670 406 fas
1703 379 1791 406 cre-

234 421 383 463 derent
415 421 507 461 coli.
559 418 613 460 ad
645 418 746 459 deos
774 432 941 472 quoque
967 418 1197 473 confugere
1226 419 1454 473 supplices,
1480 423 1552 476 qui
1577 426 1792 478 nequeant

166 489 207 518 14
233 480 456 520 hominum
488 477 576 518 vim
609 479 735 531 atque
767 477 946 518 iniurias
978 477 1086 530 pati:
1128 491 1172 518 se
1203 476 1246 517 id
1279 475 1523 531 Scipionem
1566 494 1705 535 orare,
1744 485 1792 522 ut

232 537 432 578 transitio
472 535 554 576 sibi
590 549 669 577 1100
706 535 846 576 fraudi
884 535 997 589 apud
1036 549 1133 576 eum
1164 549 1241 576 nec
1273 535 1427 577 honori
1461 536 1535 590 sit3
1569 539 1707 592 qualis
1740 554 1791 580 ex

234 610 284 636 ea
327 595 394 636 die
439 593 699 648 experiundo
745 594 959 648 cognorit,
1003 593 1178 647 perinde
1223 608 1376 647 operae
1422 608 1568 636 eorum
1606 597 1792 649 pretium

474 652 535 693 ita
572 667 748 706 prorsus
788 651 1016 706 respondet
1059 651 1272 693 facturum
1310 652 1552 705 Romanus,
1594 667 1672 695 1100
1714 669 1792 708 pro

232 711 470 766 transfugis
502 710 763 764 habiturum,
795 710 869 764 qui
900 723 988 750 non
1020 709 1217 751 duxerint
1249 711 1498 752 societatem
1529 713 1689 766 ratam,
1719 712 1796 753 ubi

163 777 205 808 16
232 784 310 811 1100
354 769 487 811 divini
531 769 759 823 quicquam
802 781 879 809 nec
923 767 1096 808 humani
1136 771 1329 810 sanctum
1370 772 1492 810 esset.

1558 770 1793 823 productae

233 828 384 869 deinde
416 828 460 868 in
492 830 767 881 conspectum
799 827 836 867 is
869 826 1070 880 coniuges
1097 826 1303 880 liberique
1330 827 1665 870 lacrumantibus
1693 842 1795 883 gau-

658 888 786 939 atque
829 898 878 925 eo
918 883 984 924 die
1022 883 1068 924 in
1108 884 1344 938 hospitium
1383 885 1573 939 abducti3
1618 889 1792 941 postero

232 945 299 986 die
343 944 511 986 foedere
557 945 731 997 accepta
774 942 898 995 fides,
945 941 1191 996 dimissique
1237 943 1289 983 ad
1327 944 1470 997 copias
1514 943 1794 987 adducendas.

231 1003 368 1044 isdem
406 1001 556 1043 deinde
595 1001 747 1043 castris
787 1000 1039 1053 tendebant,
1081 1000 1214 1042 (101100
1253 1000 1429 1043 ducibus
1470 1002 1506 1043 is
1540 1003 1592 1044 ad
1624 1003 1792 1046 hostem

231 1063 483 1115 perventum
515 1062 591 1101 est.

353 1118 577 1160 Proximus
617 1116 1037 1172 Carthaginiensium
1077 1117 1286 1159 exercitus
1326 1116 1613 1160 Hasdrubalis
1658 1133 1793 1173 prope

189 1185 208 1215 2
236 1178 384 1219 urbem
411 1176 643 1218 Baeculam
671 1178 773 1217 erat.
822 1190 899 1230 pro
927 1175 1080 1217 castris
1111 1176 1301 1230 equitum
1330 1176 1535 1217 stationes
1562 1177 1795 1219 habebant.

239 1237 283 1277 in
316 1250 387 1277 eas
420 1235 572 1276 velites
607 1234 964 1289 antesignanique
997 1236 1039 1275 et
1072 1234 1144 1288 qui
1175 1234 1302 1288 primi
1336 1235 1518 1289 agminis
1552 1238 1692 1289 erant,
1723 1235 1795 1276 ad·

238 1294 448 1335 venientis
481 1308 531 1334 ex
563 1293 733 1346 itinere,
774 1293 1025 1346 priusquam
1058 1293 1210 1333 castris
1252 1292 1393 1334 locum
1432 1295 1650 1346 caperent,
1689 1293 1794 1336 adeo

239 1352 519 1406 contemptim
557 1352 765 1405 impetum
796 1351 1005 1404 fecerunt,
1045 1353 1092 1391 ut
1123 1351 1249 1392 facile
1282 1354 1524 1405 appareret,
1563 1352 1662 1405 quid
1694 1352 1796 1393 utri-

192 1417 211 1448 3
239 1425 319 1465 que
358 1411 472 1464 parti
512 1410 750 1450 animorum
792 1412 915 1450 esset.

985 1409 1028 1449 in
1067 1411 1208 1450 castra
1245 1409 1413 1462 trepida
1451 1408 1554 1464 fuga
1599 1410 1797 1464 conpulsi

188 1477 209 1506 4
238 1469 400 1523 equites
434 1471 553 1521 sunt,
587 1468 791 1522 signaque
823 1467 1019 1508 Romana
1051 1467 1187 1520 portis
1219 1481 1351 1521 prope
1384 1467 1489 1520 ipsis
1522 1468 1670 1509 inlata.

1732 1470 1795 1509 at-

239 1541 318 1581 que
351 1527 424 1568 illo
457 1526 625 1580 quidem
652 1526 721 1567 die
747 1525 934 1566 inritatis
960 1527 1127 1565 tantum
1155 1525 1208 1565 ad
1234 1527 1448 1565 certamen
1475 1526 1627 1566 animis
1653 1528 1796 1568 castra

191 1593 209 1622 5
236 1585 420 1626 Romani
457 1586 705 1638 posuerunt.

771 1586 898 1624 nocte
936 1582 1184 1624 Hasdrubal
1223 1583 1266 1623 in
1304 1583 1516 1624 tumulum
1556 1584 1700 1637 copias
1733 1599 1794 1625 re—

235 1644 341 1698 cipit
371 1643 499 1697 plano
533 1656 682 1696 campo
715 1642 761 1682 in
793 1655 958 1683 summo
991 1643 1229 1695 patentem3
1261 1640 1414 1682 fluvius
1444 1641 1497 1682 ab
1524 1644 1660 1696 tergo,
1693 1645 1794 1683 ante

189 1708 208 1739 6
236 1703 429 1755 circaque
461 1701 579 1743 velut
611 1701 705 1755 ripa
737 1714 938 1754 praeceps
972 1714 1092 1741 oram
1126 1700 1216 1741 eius
1243 1713 1411 1741 omnem
1437 1700 1647 1754 cingebat.
1697 1701 1794 1742 sub-

235 1840 300 1875 des
326 1839 655 1884 vorhergehenden
683 1837 825 1879 Satzes,
855 1838 921 1872 wie
947 1839 980 1872 si

234 1887 352 1929 modo,
386 1887 608 1931 wenigstens
637 1896 756 1920 wenn.
807 1884 873 1919 Bei
899 1884 978 1919 Liv.

232 1945 301 1967 nur
325 1934 415 1968 hier.

282 1990 335 2020 14.
362 1985 507 2030 fraudi]
541 2002 583 2013 =
610 1995 717 2027 „zum
744 1983 978 2027 Naehteile“,

231 2032 270 2066 in
302 2032 486 2076 passivem
524 2031 651 2072 811111ος
685 2030 759 2074 vgl.
787 2029 847 2072 26,
870 2034 925 2072 12,
946 2035 977 2065 5.

281 2100 408 2133 operae
446 2109 488 2114 ——
523 2089 684 2133 pretium
724 2088 872 2133 faceret]
913 2099 976 2130 „so

232 2137 330 2171 hoch
364 2136 454 2170 solle
489 2147 528 2170 er
556 2135 635 2169 ihre
660 2134 889 2179 Leistnngen
915 2146 977 2169 an-

234 2183 446 2227 schlagen“,
473 2182 564 2227 eig.:
592 2182 662 2216 den
688 2181 790 2216 Preis
817 2182 875 2215 fiir
899 2181 978 2216 ihre

231 2230 344 2264 Miihe
412 2229 651 2271 bestimmen;
727 2228 858 2262 anders
924 2228 978 2262 als

233 2277 298 2311 das
338 2275 612 2321 gewohnliche:
658 2285 786 2319 operae
819 2276 979 2319 pretium

230 2324 349 2404 ζ’(ἔεῖε
375 2340 419 2352 =
453 2326 565 2358 etwas
605 2322 669 2357 der
701 2321 812 2356 Mfihe
847 2323 979 2356 wertes

283 2426 336 2457 17.
358 2422 495 2464 foedere
504 2421 759 2466 aeceptafides]
776 2421 856 2463 „ihr
865 2421 975 2454 Treu-

231 2468 400 2513 gelobnis
427 2468 493 2502 auf
511 2468 635 2502 Grund
657 2468 755 2502 eines
778 2467 975 2512 Vertrages

232 2515 357 2549 wurde
378 2517 825 2559 entgegengenommem‘3
846 2515 880 2557 9,
901 2519 933 2558 5,
953 2518 973 2548 ‘2

232 2562 371 2604 foedere
391 2573 471 2606 pasc
497 2581 540 2586 —
566 2562 676 2604 facta.

280 2621 411 2654 castris
425 2620 630 2665 tendebant]
647 2620 724 2654 Liv.
734 2621 817 2665 sagt
826 2620 975 2661 tendere,

234 2668 415 2702 considere
441 2668 587 2709 castris,
620 2665 689 2701 wie
718 2677 756 2701 er
783 2667 878 2701 auch
904 2666 977 2700 fast

233 2713 487 2748 ausnahmslos
512 2724 547 2748 se
572 2717 693 2748 tenere
718 2714 857 2756 castris,
882 2714 978 2748 vallo

233 2761 464 2794 munimentis
490 2772 524 2794 u.
551 2771 582 2794 a.
611 2762 703 2805 sagt.

281 2826 315 2853 c.
334 2817 392 2861 18,
407 2822 438 2851 2.
467 2819 714 2863 antesiynani]
732 2817 811 2853 hier
826 2835 869 2846 =
885 2817 975 2852 Vor-

1051 1838 1151 1878 trab3
1185 1838 1288 1872 sonst
1319 1836 1378 1871 die
1411 1848 1477 1872 vor
1509 1836 1581 1872 den
1609 1838 1725 1882 siym's
1755 1837 1793 1872 in

1052 1885 1117 1919 der
1143 1883 1322 1919 Schlacht
1347 1883 1607 1928 kampfenden.

1098 1932 1162 1975 qui
1199 1931 1315 1974 primi
1352 1932 1510 1974 agminis
1545 1931 1664 1977 crant]
1710 1931 1794 1975 „die

1051 1977 1142 2012 Tete
1173 1977 1237 2011 der
1262 1977 1606 2012 Marschkolonne“.
1632 1989 1661 2012 0.
1683 1981 1739 2021 28,
1760 1982 1794 2013 9.

1044 2025 1160 2068 primi
1186 2025 1343 2070 aymz'nis
1367 2027 1470 2058 erant
1484 2024 1671 2068 perfuyae.
1722 2026 1793 2060 Ge—

1050 2073 1217 2115 gensatz:
1251 2068 1311 2114 33,
1332 2075 1364 2112 9,
1385 2075 1416 2105 3.
1449 2071 1644 2115 (phalanx)
1675 2072 1794 2106 novis-

1051 2118 1134 2151 simi
1160 2118 1316 2161 agminis
1341 2118 1474 2160 fuerat.

1099 2165 1321 2198 advenientis
1353 2175 1395 2198 ex
1433 2164 1574 2209 itinere]
1602 2181 1646 2193 =
1673 2160 1794 2203 εὐθὺς

1053 2207 1091 2252 ἐξ
1119 2208 1280 2254 ἐφόδους
1314 2210 1409 2245 ohne
1441 2210 1522 2245 eine
1547 2211 1663 2245 Pause
1694 2211 1793 2245 nach

1052 2257 1135 2291 dem
1161 2257 1340 2292 Marsche.

1100 2308 1129 2337 5.
1166 2304 1280 2348 plano
1306 2313 1429 2347 campo
1454 2304 1495 2337 in
1514 2313 1648 2338 summo
1665 2306 1792 2347 paten-

1052 2351 1135 2395 tem]
1175 2350 1262 2393 „der
1293 2350 1359 2384 auf
1386 2349 1524 2384 seinem
1556 2349 1679 2394 Gipfel
1711 2349 1791 2384 sich

1050 2397 1087 2430 in
1108 2396 1189 2431 eine
1203 2397 1328 2431 Ebene
1344 2396 1560 2438 ausdehnte,
1587 2397 1681 2430 oben
1695 2395 1791 2430 flach

1049 2446 1159 2478 war“.
1211 2443 1279 2478 Die
1305 2443 1505 2487 Wendung
1526 2443 1639 2486 plano
1664 2452 1792 2486 campo

1042 2494 1168 2534 patere
1223 2490 1343 2524 dtirfte
1395 2492 1498 2524 sonst
1546 2489 1659 2523 kaum
1707 2499 1788 2523 vor-

1046 2537 1229 2571 kommen.

1095 2585 1190 2618 velut
1230 2584 1312 2628 ripa
1339 2581 1527 2628 praeceps]
1562 2581 1791 2624 „gleichsam

1050 2630 1109 2665 ein
1129 2630 1253 2665 stenes
1277 2630 1395 2665 Ufer“.
1433 2629 1527 2663 velut
1541 2645 1584 2656 =
1598 2627 1789 2672 gewisser-

1049 2676 1207 2719 massen,
1252 2677 1346 2711 ohne
1385 2675 1490 2710 einen
1528 2673 1788 2718 verglichenen

1050 2723 1300 2767 Gegenstand:
1328 2733 1358 2756 c.
1381 2726 1435 2764 17,
1455 2726 1487 2755 2.
1514 2722 1609 2756 velut
1632 2721 1789 2763 fortuita

1050 2771 1242 2805 inclinatio
1267 2780 1295 2804 c.
1318 2772 1350 2812 4,
1367 2773 1397 2803 6.
1419 2769 1464 2802 ab
1480 2769 1557 2812 ispo
1570 2768 1665 2802 velut
1677 2767 1788 2809 fonte.

1097 2828 1196 2852 oram
1217 2836 1259 2841 —
1280 2814 1459 2861 cingebat]
1480 2826 1543 2850 ora
1558 2831 1601 2843 =
1617 2813 1791 2857 Streifen,
