1926 3219
147 135 173 155 n.
195 127 247 154 Ch.
266 129 326 154 207.

647 113 792 148 LIBER
817 113 962 149 XXVII.
1015 113 1114 149 CAP.
1142 117 1197 149 42.

1644 113 1697 154 73

147 223 290 276 etiam,
321 236 500 276 quorum
531 222 673 263 nullus
706 236 807 262 usus
840 221 883 262 in
915 221 1138 275 repentina
1170 234 1218 261 ac
1250 220 1528 262 tumultuaria
1553 234 1698 275 pugna

145 281 303 331 fuerat,
335 282 538 334 quattuor
570 281 714 333 occisi,
750 280 830 320 duo
865 280 991 332 capti.
1053 280 1164 320 circa
1196 279 1449 333 quingentos
1482 278 1696 320 Romano·
1723 284 1743 316 8

145 354 240 380 rum
288 352 581 393 soeiorumque
634 339 817 380 victores
869 337 1121 379 ceciderunt.

1196 340 1367 391 postero
1419 337 1484 378 die
1529 337 1697 378 Poenus

146 397 324 451 quievit3
362 396 579 439 Romanus
620 398 663 437 in
696 397 829 438 aciem
862 397 995 450 copiis
1029 396 1190 437 eductis
1223 398 1451 450 postquam
1482 397 1697 436 neminem

146 456 270 509 signa
314 457 464 497 contra
508 456 653 497 efferre
697 455 821 506 vidit,
866 454 1003 507 spolia
1047 454 1132 507 legi
1171 468 1390 495 caesorum
1428 454 1617 495 hostium
1657 459 1699 494 et

146 528 320 555 suorum
348 528 528 568 corpora
553 514 724 555 conlata
749 513 792 553 in
821 526 949 552 unum
977 512 1146 564 sepeliri
1173 511 1307 552 iussit.
1350 511 1448 552 inde
1474 512 1696 566 insequen-
1724 519 1743 549 9

145 572 263 613 tibus
307 572 521 614 continuis
565 571 712 612 diebus
759 570 922 622 aliquot
966 569 1026 609 ita
1070 569 1228 610 institit
1271 570 1426 623 portis,
1476 573 1523 610 ut
1567 585 1697 624 prope

145 630 299 671 inferre
338 631 461 685 signa
498 629 728 681 videretur,
765 628 896 669 donec
929 626 1146 668 Hannibal
1185 628 1315 668 tertia
1353 628 1504 683 vigilia
1535 628 1695 669 crebris
1726 635 1768 666 10

145 689 316 743 ignibus
340 687 721 740 tabernaculisque,
749 700 855 740 quae
876 700 975 739 pars
996 687 1232 727 castrorum
1253 685 1305 726 ad
1325 685 1461 727 hostis
1483 686 1698 741 vergebat,

146 750 189 788 et
231 745 426 788 Numidis
470 746 633 800 paucis,
685 744 756 798 qui
802 745 846 785 in
889 744 1000 786 vallo
1046 744 1266 798 portisque
1317 758 1361 785 se
1412 745 1698 798 ostenderem,

144 805 303 846 relictis
342 804 556 858 profectus
594 804 796 857 Apuliam
834 806 976 857 petere
1015 802 1206 843 intendit.

149 863 276 904 cessit
306 863 420 904 vallo
445 862 641 904 Romana
674 861 796 915 acies,
829 864 871 902 et
901 860 1111 903 Numidae
1145 876 1193 902 ex
1221 861 1455 915 composito
1482 862 1698 916 paulisper

143 921 189 961 in
238 921 375 974 portis
427 935 470 962 se
523 921 718 975 valloque
776 922 1045 961 ostentavere
1101 919 1381 974 frustratique
1439 920 1700 975 aliquamdiu

142 979 281 1020 hostis
320 979 464 1020 citatis
504 980 621 1034 equis
661 993 815 1034 agmen
854 993 1027 1020 suorum
1068 978 1369 1032 adsequuntur.

145 1037 362 1079 silentium
400 1038 444 1079 in
490 1039 644 1079 castris
689 1041 731 1079 et
774 1052 826 1079 ne
872 1051 1031 1091 paucos
1077 1037 1266 1091 quidem,
1310 1037 1381 1091 qui
1424 1038 1565 1091 prima
1608 1038 1699 1079 luce

145 1096 545 1151 obambulaverant,
584 1100 704 1151 parte
737 1097 823 1137 ulla
854 1095 1072 1149 cernebat,
1111 1095 1276 1137 duobus
1309 1096 1523 1150 equitibus
1556 1111 1700 1151 specu-

146 1155 282 1196 latum
314 1155 359 1196 in
391 1157 533 1197 castra
565 1155 809 1210 praemissis
836 1156 1064 1209 postquam
1091 1154 1197 1195 satis
1224 1156 1317 1195 tuta
1344 1155 1488 1196 omnia
1515 1169 1606 1196 esse
1632 1169 1699 1196 ex-

141 1212 358 1267 ploratum
386 1216 463 1268 est,
495 1213 643 1255 inferri
670 1214 793 1269 signa
818 1213 963 1266 iussit3
995 1215 1249 1267 tantumque
1275 1213 1334 1254 ibi
1361 1215 1565 1267 moratus,
1597 1213 1697 1254 dum
1726 1220 1768 1251 13

142 1272 300 1313 milites
334 1272 387 1313 ad
418 1272 622 1327 praedam
655 1272 916 1324 discurrunt,
947 1272 1136 1326 receptui
1169 1271 1318 1312 deinde
1359 1272 1511 1313 cecinit
1548 1272 1700 1313 multo-

144 1344 224 1384 que
271 1333 370 1372 ante
413 1333 583 1372 noctem
627 1331 770 1384 copias
814 1330 1022 1372 redduxit.

1095 1333 1269 1385 postero
1312 1329 1377 1370 die
1422 1330 1515 1372 luce
1559 1331 1699 1384 prima

143 1387 373 1442 profectus,
405 1389 572 1442 magnis
599 1388 825 1430 itineribus
852 1388 1014 1429 famam
1040 1390 1081 1430 et
1107 1389 1292 1443 vestigia
1313 1388 1496 1443 agminis
1519 1403 1698 1442 sequens

141 1446 256 1488 haud
295 1447 443 1501 procul
482 1446 671 1488 Venusia
707 1447 875 1488 hostem
913 1446 1172 1501 adsequitur.

141 1505 283 1546 tuaria
318 1518 463 1559 pugna
500 1505 602 1559 fuit3
649 1520 778 1560 supra
822 1505 904 1547 duo
949 1506 1068 1546 milia
1108 1504 1349 1547 Poenorum
1394 1519 1529 1547 caesa.

1603 1506 1700 1547 inde

141 1563 362 1605 nocturnis
401 1564 701 1618 montanisque
739 1564 963 1605 itineribus
995 1563 1183 1618 Poenus,
1221 1578 1275 1605 ne
1307 1564 1448 1605 locum
1481 1564 1701 1619 pugnandi

143 1621 281 1676 daret,
317 1621 616 1677 Metapontum
654 1622 790 1676 petiit.
849 1621 1006 1663 Hanno
1046 1622 1142 1664 inde
1174 1647 1232 1652 —
1263 1623 1299 1663 is
1333 1623 1445 1664 enim
1483 1623 1699 1677 praesidio

147 1680 238 1722 eius
274 1681 357 1722 loci
396 1680 643 1734 praefuerat
679 1704 727 1710 —
763 1682 807 1722 in
839 1679 1035 1722 Bruttios
1075 1695 1171 1722 cum
1202 1681 1349 1735 paucis
1382 1681 1434 1722 ad
1467 1682 1701 1723 exercitum

141 1752 301 1780 novum
341 1739 674 1793 comparandum
712 1740 884 1793 missus3
932 1737 1150 1780 Hannibal
1195 1739 1330 1793 copiis
1371 1740 1460 1780 eius
1505 1740 1557 1781 ad
1602 1755 1700 1781 suas

145 1797 304 1838 additis
325 1796 558 1838 Venusiam
585 1801 700 1839 retro
728 1799 881 1853 quibus
908 1800 1083 1840 venerat
1108 1798 1334 1839 itineribus
1367 1799 1538 1853 repetit,
1574 1802 1701 1853 atque

147 1855 245 1896 inde
286 1854 517 1898 canusiam
555 1856 757 1911 procedit.
817 1871 1051 1910 numquam
1082 1855 1197 1898 Nero
1230 1857 1425 1912 vestigiis
1457 1857 1595 1899 hostis
1629 1857 1701 1898 ab·

144 1913 316 1957 stiterat
354 1916 396 1956 et
427 1913 474 1963 Q.
505 1914 721 1966 Fulvium,
761 1930 855 1957 cum
886 1914 1184 1969 Metapontum
1223 1915 1315 1970 ipse
1347 1915 1700 1970 proficisceretur,

149 1972 195 2013 in
226 1971 440 2026 Lucanos,
471 1987 524 2015 ne
556 1975 674 2028 regio
708 1988 758 2015 ea
790 1974 880 2015 sine
911 1973 1124 2029 praesidio
1157 1977 1287 2027 esset,
1320 1974 1583 2015 arcessierat.

143 2111 243 2147 circa
266 2112 478 2157 quinyentos
502 2124 536 2147 u.
564 2123 594 2147 c.
617 2116 671 2155 14,
696 2117 748 2147 14.
774 2123 889 2157 supra

143 2159 239 2193 mille
264 2162 444 2195 trecentos.

192 2210 224 2241 9.
251 2206 519 2250 insequentibus
550 2207 732 2241 continuis
763 2206 888 2241 diebus

148 2252 300 2298 aliquot]
342 2264 390 2287 an
424 2253 570 2297 einigen
609 2253 673 2287 der
710 2253 887 2287 nachsten

145 2297 252 2343 Tage·
261 2300 356 2334 ohne
363 2299 640 2335 Unterbrechun
646 2312 671 2345 g
679 2313 687 2341 ς
700 2301 886 2344 insequen-

144 2345 242 2379 tibus
273 2346 397 2381 diebus
431 2346 549 2381 bildet
580 2346 711 2381 einen
736 2346 885 2391 Begriff.

145 2391 203 2434 24,
219 2395 274 2435 58,
289 2395 321 2426 3.
342 2393 532 2436 prioribus
551 2394 732 2428 continuis
751 2394 887 2428 diebus.

195 2442 249 2473 10.
275 2449 366 2483 quae
393 2450 483 2483 pars
509 2460 552 2465 —
584 2441 765 2487 veryebat]
798 2442 889 2476 statt

145 2485 390 2520 tabernaculis
421 2486 497 2520 eius
522 2488 660 2530 partis,
692 2498 784 2531 quae
813 2499 888 2522 ver-

144 2532 248 2576 yebat
268 2544 311 2566 zu
331 2543 453 2577 sagen,
474 2532 573 2567 zieht
586 2533 664 2569 Liv.
685 2535 750 2568 das
765 2534 886 2569 Subst.

141 2589 234 2622 pars
258 2579 297 2613 in
322 2579 394 2614 den
419 2579 646 2614 Relativsatz
670 2579 806 2615 hinein.

187 2625 372 2669 profectus
398 2646 442 2651 —
466 2630 582 2670 petere
604 2627 777 2672 intendit]
797 2627 887 2661 hau-

146 2671 218 2716 fige
245 2671 485 2718 Verbindung
515 2673 576 2708 bei
601 2672 695 2715 Liv.‚
733 2673 889 2708 deutsch

147 2717 366 2799 &schleunig
389 2720 659 2755 marschieren“
687 2719 806 2764 (nicht
827 2720 888 2755 bei

175 2764 300 2808 icero).

196 2815 249 2847 12.
264 2812 328 2856 qui
341 2831 384 2837 —-
399 2812 731 2859 obambulaverant]
748 2813 817 2848 wie
829 2814 887 2848 ob-

147 2859 307 2903 equitare
325 2857 417 2893 wird
435 2859 530 2894 auch
544 2861 773 2896 obambulare
786 2860 888 2895 sonst

960 2112 1029 2146 mit
1083 2112 1184 2147 einer
1234 2112 1574 2157 Ortsbestimmung
1622 2124 1701 2148 ver-

960 2158 1124 2202 bunden,
1145 2170 1183 2194 es
1203 2159 1318 2195 findet
1337 2159 1416 2195 sich
1434 2171 1504 2194 nur
1525 2160 1622 2194 noch
1642 2160 1700 2202 25,

959 2210 1015 2248 39,
1054 2210 1086 2241 8.
1130 2209 1214 2241 ante
1255 2207 1391 2241 vallum
1428 2210 1625 2251 portasque
1666 2219 1700 2240 u.

958 2252 1018 2295 36,
1045 2256 1101 2296 34,
1127 2257 1149 2287 4
1175 2253 1405 2288 obambulare
1427 2254 1553 2288 mitris.

1000 2303 1109 2344 parte
1133 2300 1225 2345 ulla]
1260 2301 1333 2344 vgl.
1361 2298 1425 2342 22,
1452 2304 1514 2343 49,
1544 2305 1573 2334 1.
1595 2303 1703 2344 parte

960 2347 1084 2382 altera.
1114 2347 1146 2389 7,
1170 2350 1223 2389 17,
1244 2350 1275 2381 8.
1302 2351 1456 2392 utraque
1477 2351 1600 2391 parte3
1626 2348 1701 2392 vgl.

959 2393 1027 2428 frz:
1052 2394 1150 2428 nulle
1168 2397 1268 2438 part.

1010 2444 1063 2475 13.
1101 2440 1245 2487 deinde]
1290 2441 1349 2476 die
1391 2440 1584 2476 Partikeln
1626 2444 1702 2475 tum

959 2487 1035 2521 und
1055 2488 1182 2522 deinde
1207 2488 1335 2522 stehen
1361 2488 1458 2522 nach
1477 2487 1703 2531 Partizipien

959 2533 1035 2568 und
1066 2534 1261 2569 absoluten
1287 2534 1502 2577 Ablativen,
1529 2546 1591 2568 um
1620 2533 1702 2568 eine

959 2579 1158 2626 Handlung
1179 2581 1234 2616 als
1247 2581 1362 2616 sofort
1380 2581 1456 2615 und
1472 2580 1701 2615 nachdrfick-

960 2626 1036 2661 lich
1062 2627 1270 2662 eintretend
1295 2640 1339 2662 zu
1363 2627 1598 2662 bezeichnen.

1011 2677 1065 2707 15.
1090 2685 1135 2708 ne
1160 2674 1275 2708 locum
1300 2674 1416 2718 daret]
1444 2675 1541 2708 locus
1567 2690 1611 2702 =
1633 2673 1700 2708 Ge-

960 2719 1160 2764 legenheit,
1193 2720 1356 2762 „Statt“;
1383 2720 1433 2754 ist
1458 2720 1598 2765 h'aufig:
1625 2720 1700 2765 vgl.

961 2767 1075 2801 locum
1100 2768 1242 2811 qratiae
1260 2778 1436 2811 quaerere,
1462 2768 1702 2813 neqleqentiae

961 2813 1082 2848 laoeior
1107 2814 1204 2849 locus
1230 2830 1274 2842 =
1300 2814 1468 2849 weiterer
1494 2814 1701 2859 Spielraum

961 2872 994 2895 u.
1021 2870 1052 2894 a.

1275 802 1348 843 ubi
1387 803 1563 857 inluxit,
1608 819 1697 845 suc·
1728 811 1768 841 11

1441 980 1588 1020 consul
1626 979 1699 1020 ubi
1728 986 1768 1016 12

1729 1337 1771 1367 14

1242 1447 1304 1488 ibi
1342 1461 1509 1501 quoque
1540 1448 1696 1488 tumul·
1727 1453 1768 1484 15

1730 1630 1771 1661 16

1729 1864 1771 1895 17
