1926 3219
133 112 159 131 a.
182 104 312 130 ch.20·1.
594 91 734 127 LIBER
761 92 908 128 XXVII.
957 90 1059 127 CAP.
1087 95 1140 126 43.
1169 95 1225 126 44.
1631 90 1685 132 75

131 201 338 240 terrorem
371 197 541 251 faceret,
573 201 865 253 perpetratum
899 199 941 240 in
975 212 1178 252 magnam
1209 198 1418 240 laetitiam
1450 213 1499 240 ex
1526 211 1682 252 magno

132 259 247 298 metu
280 258 475 309 verteret,
507 257 660 298 litteris
693 256 977 299 Hasdrubalis
1012 257 1191 298 Romam
1226 257 1277 298 ad
1311 261 1507 298 senatum
1540 256 1682 297 missis
1710 262 1730 294 8

133 315 259 356 simul
292 317 335 355 et
365 314 455 369 ipse
485 319 626 369 patres
655 317 930 369 conscriptos,
963 316 1061 370 quid
1088 318 1270 369 pararet,
1303 315 1466 356 edocet:
1499 318 1556 366 ut,
1589 329 1685 355 cum

131 373 175 413 in
208 371 386 413 Umbria
427 387 470 413 se
509 387 780 415 occursurum
813 373 1056 414 Hasdrubal
1095 374 1217 414 fratri
1257 374 1433 426 scribat,
1472 373 1685 427 legionem

131 445 157 472 a
194 429 340 484 Capua
379 431 559 472 Romam
599 434 834 484 arcessant,
881 432 1081 472 dilectum
1120 431 1281 472 Romae
1320 431 1524 483 habeant,
1569 444 1684 471 exer·
1712 437 1731 468 9

130 488 263 530 citum
310 489 518 530 urbanum
563 490 614 530 ad
656 490 863 530 Narniam
907 489 1021 529 hosti
1067 492 1300 542 opponant.
1374 489 1479 529 haec
1533 492 1684 529 senatu
1712 494 1754 525 10

131 547 303 601 scripta.
377 548 601 602 praemissi
645 548 745 587 item
789 560 864 600 per
909 559 1060 600 agrum
1105 546 1350 587 Larinatem
1395 546 1685 587 Marrucinum

131 604 392 646 Frentanum
437 605 774 656 Praetutianum,
826 618 909 658 qua
954 604 1184 645 exercitum
1230 604 1431 646 ducturus
1476 608 1589 657 erat,
1638 607 1686 644 ut

132 678 278 705 omnes
319 679 367 705 ex
408 664 521 717 agris
554 662 817 716 urbibusque
849 665 1112 704 commeatus
1144 665 1319 716 paratos
1353 663 1478 703 militi
1511 662 1563 704 ad
1595 677 1684 703 ves-

132 722 310 763 cendum
343 722 388 762 in
420 721 530 761 viam
560 720 786 773 deferrent,
819 735 951 774 equos
978 721 1251 775 iumentaque
1279 720 1362 762 alia
1389 720 1683 775 producerent,

130 783 178 821 ut
203 779 493 820 vehiculorum
520 778 643 820 fessis
671 780 794 833 copia
821 781 944 820 esset.
988 779 1078 833 ipse
1105 779 1155 820 de
1187 781 1280 820 tot-o
1308 779 1494 820 exercitu
1527 780 1681 820 civium
1712 786 1752 816 11

130 839 422 890 sociorumque
466 837 578 891 quod
622 837 788 878 roboris
834 841 926 878 erat
970 837 1146 892 delegit,
1197 852 1268 878 sex
1312 837 1430 878 milia
1482 837 1685 890 peditum,

129 896 245 937 mille
285 896 468 950 equites3
511 897 761 949 pronuntiat
800 910 1006 950 occupare
1048 911 1091 937 se
1136 897 1179 937 in
1217 895 1399 937 Lucanis
1445 896 1686 949 proximam

128 954 277 995 urbem
310 953 599 1008 Punicumque
632 955 676 994 in
709 969 757 995 ea
789 954 1047 1008 praesidium
1082 954 1207 995 velle:
1247 957 1294 995 ut
1334 955 1385 995 ad
1425 954 1506 995 iter
1543 954 1685 1009 parati

129 1026 275 1053 omnes
310 1015 463 1053 essent.
525 1012 742 1066 profectus
775 1016 900 1054 nocte
932 1012 1050 1054 flexit
1082 1013 1126 1053 in
1157 1011 1370 1054 Picenum.
1714 1019 1756 1050 12

249 1070 308 1112 Et
339 1071 487 1112 consul
520 1071 688 1125 quidem
724 1072 895 1125 quantis
929 1071 1125 1112 maximis
1162 1071 1386 1112 itineribus
1426 1073 1593 1124 poterat
1633 1070 1686 1112 ad

130 1129 354 1183 conlegam
393 1129 574 1171 ducebat
611 1130 758 1171 relicto
799 1128 845 1178 Q.
879 1129 1001 1172 Catio
1045 1130 1207 1184 legato,
1252 1130 1322 1183 qui
1367 1129 1521 1171 castris
1566 1143 1685 1183 prae-

130 1191 254 1229 esset.
324 1187 484 1229 Romae
522 1187 635 1229 haud
675 1189 815 1229 minus
854 1189 1032 1230 terroris
1072 1202 1118 1229 ac
1158 1188 1367 1229 tumultus
1408 1191 1517 1240 erat,
1558 1202 1685 1242 quam
1709 1189 1759 1225 44

128 1246 269 1287 fuerat
302 1247 474 1288 biennio
509 1249 620 1300 ante,
652 1260 747 1287 cum
780 1249 923 1288 castra
949 1247 1108 1288 Punica
1140 1246 1307 1288 obiecta
1331 1245 1539 1287 Romanis
1572 1260 1685 1287 moe-

126 1305 254 1346 nibus
293 1305 511 1359 portisque
548 1304 730 1346 fuerant.
797 1319 933 1360 neque
972 1306 1076 1346 satis
1115 1306 1342 1346 constabat
1381 1304 1553 1357 animis,
1592 1307 1683 1345 tam

131 1363 268 1404 audax
301 1364 381 1404 iter
419 1363 604 1404 consulis
644 1363 867 1404 laudarent
904 1364 1268 1417 vituperarentne3
1308 1363 1560 1418 apparebat,
1602 1377 1684 1417 quo
1712 1370 1732 1401 2

130 1421 238 1462 nihil
271 1421 454 1475 iniquius
488 1424 570 1474 est,
610 1435 659 1462 ex
692 1425 847 1463 eventu
878 1421 1038 1462 famam
1071 1421 1335 1463 habiturum:
1375 1423 1516 1463 castra
1554 1435 1687 1475 prope

127 1479 419 1521 Hannibalem
470 1479 639 1521 hostem
694 1480 844 1522 relicta
896 1480 986 1521 sine
1042 1480 1163 1533 duce,
1219 1495 1315 1522 cum
1365 1480 1570 1533 exercitu,
1621 1480 1688 1521 cui

129 1537 368 1580 detractum
399 1537 511 1579 foret
543 1552 668 1579 omne
701 1538 812 1592 quod
845 1539 1026 1592 roboris,
1059 1539 1171 1593 quod
1204 1539 1320 1580 floris
1346 1538 1490 1592 fuerit,
1522 1540 1565 1579 et
1591 1553 1687 1580 con-

130 1596 265 1637 sulem
303 1597 348 1637 in
386 1595 580 1638 Lucanos
623 1597 860 1639 ostendisse
899 1597 998 1650 iter,
1044 1612 1139 1638 cum
1179 1596 1382 1638 Picenum
1421 1600 1463 1638 et
1501 1595 1687 1638 Galliam

126 1658 302 1709 peteret,
338 1657 479 1696 castra
511 1655 823 1709 relinquentem
854 1656 973 1697 nulla
1006 1655 1089 1696 alia
1122 1669 1166 1696 re
1198 1656 1359 1697 tutiora
1385 1670 1512 1710 quam
1540 1669 1683 1696 errore
1709 1662 1729 1693 3

127 1768 234 1792 wenn
273 1770 379 1802 quam
411 1758 564 1792 hinter
603 1759 728 1793 seinen
763 1759 873 1794 Kom-
946 1759 1119 1793 machens
1146 1762 1187 1794 ‘ut
1213 1759 1302 1794 oder
1327 1759 1398 1793 den
1424 1770 1544 1794 accus,
1572 1769 1601 1794 e.
1622 1758 1685 1793 inf.

127 1804 273 1849 parativ
294 1805 388 1848 tritt,
415 1807 504 1839 stets
525 1808 668 1848 gesetzt
686 1805 788 1847 wird,
817 1816 871 1840 er·
944 1805 1004 1840 bei
1031 1806 1119 1840 sich.

128 1851 228 1886 klart
249 1852 328 1886 sich
346 1851 407 1886 bei
428 1852 493 1886 der
511 1851 657 1896 grossen
674 1852 781 1887 Nahe
801 1863 874 1888 von
993 1862 1026 1887 c.
1057 1851 1115 1893 44,
1151 1856 1180 1886 1.
1229 1853 1377 1887 terroris
1415 1863 1457 1887 ac
1494 1852 1685 1897 tumultus]

129 1899 240 1943 apud.
945 1911 1007 1932 zur
1020 1899 1276 1934 Allitteration
1297 1902 1433 1942 c.42,4.
1449 1899 1544 1933 inter
1558 1899 1688 1933 tumul-

172 1951 435 1996 perpetratum]
491 1951 550 1985 die
595 1950 869 1996 Vergleichung
944 1949 1020 1980 tum>
1045 1957 1088 1980 ac
1113 1949 1290 1981 terrorem.

130 1997 267 2032 musste
287 1997 504 2042 fortgesetzt
523 1998 667 2032 lauten:
693 2002 869 2042 quantum
990 1993 1178 2027 constabat
1227 1992 1378 2038 animis]
1430 1991 1518 2034 „das
1565 1991 1688 2045 Urteil

131 2045 292 2079 laetitiae
324 2045 424 2088 apud
449 2046 559 2088 cives,
592 2048 733 2079 tantum
759 2050 870 2080 metus
943 2039 1052 2073 8ὖᾶΠᾶ
1072 2038 1178 2074 feSss“·
1205 2039 1266 2081 30,
1287 2043 1343 2081 28,
1367 2044 1383 2073 l
1410 2049 1474 2073 ⁹28⁶
1498 2042 1588 2073 8οΐὶὸ
1613 2049 1685 2073 Ger·

129 2091 230 2136 apud
255 2091 368 2126 hostes
393 2095 552 2126 moveret,
942 2089 1018 2120 tum
1050 2089 1213 2121 constare
1242 2087 1342 2131 apud
1367 2087 1507 2120 animos
1528 2088 1684 2129 poterat.

174 2153 205 2184 8.
240 2153 364 2194 patres
391 2150 627 2195 conscriptos]
660 2150 760 2185 diese
793 2150 868 2185 offi-
992 2137 1022 2167 ²·
1059 2134 1120 2168 cui
1162 2133 1378 2178 detracwml
1417 2133 1601 2167 detrahere
1639 2149 1683 2161 =

126 2195 231 2231 zielle
251 2196 428 2231 Anrede
449 2196 513 2231 der
534 2197 737 2232 Senatoren
756 2197 870 2232 findet
942 2180 1194 2232 vertnmdem’
1235 2180 1471 2221 SChwaChen’
1509 2180 1575 2231 hat
1612 2179 1684 2213 den

128 2242 207 2276 sich
231 2243 292 2278 bei
312 2243 390 2279 Liv,
411 2243 603 2278 mehrfach
627 2244 779 2278 anchin
799 2244 869 2279 den
941 2225 1052 2260 Dasslv
1077 2227 1142 2261 der
1161 2226 1189 2260 Ρ
1192 2237 1298 2261 erson
1324 2227 1412 2261 ⁰³3¹·
1436 2226 1479 2260 de
1504 2227 1572 2259 unt
1598 2226 1683 2260 dem

129 2299 234 2323 casus
258 2290 410 2334 obliqui.
443 2290 491 2325 22
524 2295 580 2334 37,
601 2295 632 2324 4.
654 2290 714 2333 26,
735 2295 790 2334 30,
814 2295 867 2327 10.
940 2273 1092 2308 Ablativ
1106 2273 1170 2327 det
1184 2274 1301 2327 SaChe
1315 2273 1376 2308 bei
1390 2272 1485 2326 St⁰h²
1500 2272 1560 2314 31’
1576 2276 1632 2326 33⁹
1648 2276 1680 2306 3·

495 2319 503 2333 '
940 2331 975 2355 se
1000 2340 1045 2345 —-
1077 2321 1223 2355 auaszha
1255 2320 1435 2354 Romams
1467 2320 1681 2360 detraaezsse3

135 2393 318 2428 Umbriae·
347 2393 401 2429 als
427 2395 587 2430 Reserve
612 2395 671 2430 fiir
697 2395 768 2431 den
787 2395 867 2430 Fau
941 2367 1029 2402 aber
1054 2367 1088 2409 θ’
1111 2372 1142 2408 6'
1160 2372 1191 2421 73
1217 2367 1259 2402 de
1283 2368 1467 2420 mlaiesmte
1487 2366 1681 2418 Μίνωι-εκ

311 2422 318 2437 ’
988 2415 1082 2458 quod
1106 2414 1221 2458 flores]
1253 2414 1322 2449 fre1
1347 2414 1422 2448 und
1446 2413 1553 2447 mehr
1579 2413 1681 2447 cheh-

129 2440 228 2475 eines
253 2440 543 2486 ungliicklichen
567 2444 796 2487 Ausganges.
941 2460 1078 2495 terisch
1123 2477 1167 2490 =
1204 2461 1349 2496 vin-um·
1418 2460 1493 2505 vgl·
1521 2470 1550 2494 ρ,
1578 2462 1634 2502 46,
1661 2463 1681 2493 3

178 2503 231 2534 10.
271 2499 502 2545 Larinatem]
537 2499 595 2534 die
624 2500 868 2546 Reihenfolge
940 2507 1052 2542 robur
1075 2508 1221 2542 virium,

128 2545 247 2580 dieser
261 2555 321 2580 am
335 2546 584 2581 adriatischen
595 2546 715 2582 Meere
729 2548 868 2592 liegen-
985 2558 1022 2588 3,
1061 2555 1166 2588 nulla
1202 2555 1279 2589 alia
1316 2565 1354 2588 re
1387 2554 1526 2588 tutiora
1558 2553 1681 2598 quam]

129 2592 199 2626 den
220 2639 226 2645 .
248 2591 527 2628 Ksistenstriche
585 2593 720 2628 miisste
773 2595 868 2647 seinn:
943 2600 1011 2634 wir
1048 2601 1229 2635 erwarten
1266 2599 1467 2635 entweder:
1504 2601 1609 2634 ‘nulla
1646 2610 1684 2634 re

131 2638 362 2682 Larmatem,
393 2639 646 2683 Frentanum,
682 2641 871 2675 BIarrucz-
944 2650 1018 2681 tam
1044 2650 1141 2690 tuta,
1167 2658 1275 2691 quam
1300 2656 1427 2687 errore,
1454 2646 1542 2681 oder
1567 2656 1685 2681 errore

130 2696 236 2727 num,
264 2685 556 2722 Praetutianum.
944 2694 1082 2727 tutiora
1113 2704 1219 2738 quam
1253 2693 1331 2728 ulla
1362 2693 1439 2727 alia
1470 2704 1517 2727 re.
1570 2691 1683 2727 Beide

178 2741 219 2772 ut
243 2737 377 2783 omnes]
404 2750 467 2782 „er
492 2739 622 2774 sandte
648 2740 719 2775 den
742 2739 873 2775 Befehl
945 2738 1242 2774 Koutruktionen
1322 2739 1403 2774 sind
1479 2740 1683 2784 vermengt.

131 2795 281 2828 vorans,
321 2784 436 2819 dass“.
486 2787 586 2822 mitto
623 2787 688 2822 hat
720 2787 787 2821 wie
814 2787 873 2821 die
946 2786 1007 2828 23,
1027 2789 1083 2829 28,
1105 2791 1125 2821 4
1162 2787 1265 2821 mella
1302 2797 1340 2821 re
1370 2797 1477 2831 quam
1508 2787 1685 2822 celeritate

134 2831 257 2866 Verba.
280 2831 344 2866 des
365 2829 561 2867 Befehlens
583 2833 671 2869 oder
688 2833 875 2869 Bekannt-
946 2834 1069 2868 tutior.

176 2351 207 2382 9.
247 2348 295 2382 ad
331 2348 533 2395 Narniam]
578 2366 622 2378 =
661 2350 710 2384 ad
745 2350 868 2392 fauces
