1926 3219
172 154 198 173 a.
219 147 271 173 ch.
291 147 350 172 207.
634 132 774 167 LIBER
799 130 946 166 XXVII.
998 130 1098 165 CAP.
1126 133 1180 165 39.
1208 133 1263 163 40.
1669 127 1723 168 69

171 242 357 283 humano
389 239 663 281 insociabiles
696 242 827 280 erant.
890 241 932 280 et
962 238 1099 292 primo
1134 236 1284 292 ignari,
1317 249 1399 290 quo
1432 234 1597 276 Poenus
1630 249 1720 288 per-

174 302 312 355 geret,
355 313 454 340 suas
496 313 623 352 rupes
668 312 826 352 suaque
870 296 1047 338 castella
1091 300 1133 336 et
1176 309 1376 349 pecorum
1416 293 1723 347 hominumque

173 357 374 412 praedam
407 357 493 410 peti
520 357 805 408 crediderant,
832 356 946 396 fama
972 355 1122 396 deinde
1148 353 1297 395 Punici
1324 352 1436 404 belli,
1463 366 1545 406 quo
1573 351 1724 393 duode-
1751 359 1771 389 9

173 417 328 458 cimum
367 430 522 456 annum
562 415 687 456 Italia
723 415 946 466 urebatur,
993 414 1096 454 satis
1137 412 1364 453 edocuerat
1402 411 1516 451 viam
1558 413 1727 450 tantum

173 474 298 528 Alpis
332 488 436 527 esse,
469 473 573 515 duas
605 472 871 527 praevalidas
904 471 1041 523 urbes,
1074 483 1229 523 magno
1263 471 1373 509 inter
1406 483 1450 509 se
1482 468 1612 509 maris
1645 470 1726 508 ter-

175 547 402 586 rarumque
437 532 576 586 spatio
609 532 825 581 discretas,
859 529 907 568 de
940 529 1116 581 imperio
1150 530 1193 567 et
1224 527 1378 580 opibus
1413 529 1587 567 certare.
1643 525 1723 566 hae
1753 533 1796 564 10

175 605 326 633 causae
360 592 614 644 aperuerant
645 588 770 641 Alpis
802 586 1077 628 Hasdrubali.
1138 588 1325 626 ceterum
1358 583 1466 638 quod
1506 584 1724 625 celeritate
1754 592 1793 621 11

173 650 338 691 itineris
371 648 609 702 profectum
642 649 751 698 erat,
789 645 830 686 id
864 659 984 686 mora
1022 644 1074 685 ad
1107 642 1390 696 Placentiam,
1429 642 1528 683 dum
1566 642 1728 683 frustra

176 708 345 749 obsidet
383 706 519 760 magis
561 719 689 758 quam
729 706 968 758 oppugnat,
1012 702 1219 756 conrupit.
1290 701 1525 743 crediderat
1563 714 1726 754 campe·
1756 708 1797 738 12

175 766 275 807 stris
308 764 452 818 oppidi
484 763 653 804 facilem
686 762 1043 817 expugnationem
1076 775 1185 814 esse,
1225 763 1267 801 et
1298 759 1502 801 nobilitas
1535 759 1727 801 coloniae

174 824 397 865 induxerat
429 836 537 874 eum,
570 835 772 876 magnum
807 835 849 862 se
884 820 1046 862 excidio
1081 820 1168 860 eius
1198 819 1315 860 urbis
1341 820 1549 859 terrorem
1576 818 1728 859 ceteris

173 884 314 922 ratum
346 881 612 922 iniecturum.
674 894 760 921 non
792 880 885 934 ipse
917 894 961 920 se
995 879 1134 920 solum
1167 892 1216 918 ea
1254 876 1577 931 oppugnatione
1615 877 1728 930 inpe-
1757 883 1799 914 13

174 940 262 993 diit,
295 939 368 980 sed
394 938 683 980 Hannibalem
711 942 809 992 post
840 939 997 979 famam
1030 936 1236 978 transitus
1269 936 1359 976 eius
1391 937 1514 976 tanto
1548 949 1621 988 spe
1655 948 1731 975 sua

176 998 392 1040 celerioris
418 997 503 1038 iam
530 1001 772 1038 moventem
799 1012 850 1038 ex
882 996 1070 1038 hibernis
1103 995 1383 1047 continuerat,
1416 994 1573 1048 quippe
1605 1007 1727 1047 repu-
1758 999 1800 1031 14

171 1059 354 1111 tantem,
392 1070 479 1097 non
512 1056 648 1097 solum
681 1070 808 1110 quam
841 1056 958 1096 lenta
989 1054 1159 1095 urbium
1192 1052 1456 1107 oppugnatio
1490 1054 1620 1105 esset,
1660 1050 1731 1093 sed

175 1115 303 1156 etiam
343 1129 469 1169 quam
508 1115 600 1168 ipse
639 1114 799 1155 frustra
843 1114 1018 1155 eandem
1064 1112 1184 1153 illam
1229 1111 1441 1154 coloniam
1483 1111 1534 1152 ab
1575 1110 1731 1151 Trebia

173 1174 311 1215 victor
341 1187 562 1228 regressus
594 1174 861 1226 temptasset.

293 1231 500 1273 Consules
533 1231 712 1272 diversis
745 1231 970 1272 itineribus
1003 1229 1185 1284 profecti
1219 1229 1272 1271 ab
1300 1229 1404 1270 urbe
1430 1227 1547 1269 velut
1573 1227 1618 1268 in
1644 1226 1725 1268 duo
1753 1229 1803 1266 40

175 1290 339 1344 pariter
371 1291 482 1331 bella
509 1289 804 1331 distenderant
829 1303 951 1331 curas
978 1288 1214 1341 hominum,
1247 1287 1374 1328 simul
1400 1285 1730 1338 recordantium,
1758 1293 1777 1323 2

174 1363 280 1403 quas
332 1349 497 1403 primus
547 1347 755 1389 adventus
807 1347 1065 1389 Hannibalis
1116 1346 1333 1387 intulisset
1381 1344 1534 1386 Italiae
1585 1343 1732 1396 cladis,

178 1407 302 1448 simul
341 1421 435 1448 cum
473 1406 547 1447 illa
585 1410 761 1460 angeret
800 1421 917 1460 cura,
956 1421 1062 1460 quos
1103 1408 1193 1446 tam
1231 1404 1440 1458 propitios
1477 1403 1573 1444 urbi
1605 1405 1733 1457 atque

176 1465 356 1520 imperio
397 1465 486 1506 fore
525 1464 644 1519 deos,
684 1467 732 1506 ut
771 1465 919 1506 eodem
957 1467 1151 1518 tempore
1188 1463 1417 1517 utrubique
1455 1476 1522 1503 res
1561 1461 1734 1515 publica

175 1537 378 1577 prospere
410 1526 642 1578 gereretur.
699 1523 835 1565 adhuc
868 1523 1046 1564 adversa
1079 1521 1274 1563 secundis
1306 1520 1525 1575 pensando
1557 1535 1647 1562 rem
1680 1519 1732 1560 ad
1759 1529 1779 1560 3

175 1581 219 1623 id
250 1584 420 1637 tempus
455 1584 688 1623 extractam
721 1596 831 1623 esse:
864 1597 959 1623 cum
993 1581 1039 1622 in
1069 1580 1196 1622 Italia
1228 1580 1281 1621 ad
1313 1579 1656 1621 Trasumennum
1689 1582 1731 1619 et

178 1639 350 1682 Cannas
383 1641 711 1695 praecipitasset
736 1640 931 1682 Romana
961 1654 1042 1693 res,
1074 1653 1280 1694 prospera
1312 1639 1424 1680 bella
1449 1638 1494 1680 111
1519 1636 1731 1692 Hispania

220 1756 461 1802 insociabilis]
482 1754 723 1800 Neubildung
742 1755 806 1791 des
824 1756 915 1799 Liv.‚

172 1813 240 1836 ntu-
265 1802 347 1837 hier
372 1803 446 1836 und
471 1802 531 1846 37,
555 1807 585 1845 1,
607 1807 638 1836 4.
665 1803 860 1838 imlomitae
885 1806 916 1838 et

172 1850 380 1884 insociabili
404 1850 512 1894 (lenti.

223 1899 254 1930 9.
274 1897 511 1940 praevalidas
523 1896 642 1941 urbes]
674 1896 732 1931 die
748 1896 815 1931 mit
823 1907 916 1941 prae

175 1945 577 1987 zusammengesetzten
603 1943 801 1988 Adjektive
834 1944 917 1978 sind

173 2000 240 2024 vor
259 1988 337 2025 Liv.
366 1990 494 2033 selten‚
520 1990 580 2024 bei
604 1990 683 2024 ihm
706 1990 916 2034 verbreitet,

174 2047 255 2070 zum
267 2035 347 2071 Teil
361 2048 433 2071 neu
446 2036 626 2081 gebildet3
642 2047 682 2071 so
689 2038 915 2081 praevalens,

168 2083 369 2128 praedives,
391 2084 596 2127 praeferor,
621 2085 843 2128 praeyravis.

221 2130 412 2176 discretus]
441 2130 721 2175 ,‚geschieden“,
746 2131 916 2166 111τῆ11111-

173 2176 310 2212 116116111
361 2177 488 2220 Sinne3
540 2177 589 2211 ist
633 2179 734 2212 sonst
776 2177 916 2213 (1161116-

173 2224 271 2258 risch
296 2223 372 2258 und
396 2223 684 2259 nachklassisch.
727 2224 786 2268 23,
814 2229 869 2269 33,
895 2229 916 2259 2

174 2271 268 2305 mari
298 2274 441 2306 tantum
468 2270 577 2306 Ionio
601 2272 785 2306 discretus.

225 2320 278 2352 12.
306 2318 513 2362 campestris
541 2318 683 2363 oppidi]
714 2318 917 2353 r'aumliche

177 2362 431 2399 Verh‘altnisse
474 2365 622 2399 werden
668 2376 757 2409 geru
802 2365 917 2400 durch

174 2409 374 2454 Adjektive
396 2412 488 2446 statt
501 2411 616 2446 durch
630 2411 917 2457 Prapositional-

175 2456 456 2501 verbindungen
483 2458 749 2502 ausgedrfickt:
779 2470 916 2503 campe-

177 2507 247 2539 stre
263 2504 328 2538 iter
349 2520 392 2533 =
414 2504 530 2538 durch
551 2505 608 2539 die
622 2505 758 2547 Ebene,
776 2507 918 2550 praeda

174 2551 360 2585 maritima
391 2551 649 2595 terrestrisque:
677 2563 762 2586 vom
790 2553 917 2587 Lande

175 2597 250 2631 und
267 2608 353 2632 vom
373 2597 511 2639 Meere3
539 2609 567 2633 c.
583 2602 638 2640 42,
656 2602 709 2632 15.
729 2600 918 2634 nocturnis

175 2645 424 2689 montanisque
457 2645 668 2679 itineribus:
708 2645 823 2680 durch
860 2645 919 2680 die

177 2690 303 2724 Nacht
326 2691 400 2725 und
426 2692 517 2726 iiber
543 2691 602 2726 die
629 2692 756 2736 Berge.

227 2740 279 2770 14.
315 2738 446 2781 quippe
493 2738 732 2783 reputantem]
787 2740 920 2783 quippe

178 2784 252 2818 und
272 2787 392 2827 utpote
411 2800 454 2812 =
475 2780 539 2819 ἅτε
566 2785 626 2819 bei
652 2785 736 2820 dem
755 2785 918 2830 Partizip

177 2843 239 2865 zur
248 2830 482 2875 Einffihrung
497 2831 596 2866 eines
611 2831 919 2867 selbstverst'and-

177 2877 298 2912 lichen
331 2877 552 2912 Umstandes
583 2878 698 2914 findet
732 2878 810 2913 sich
846 2881 920 2914 erst

989 1755 1059 1790 seit
1079 1754 1220 1798 Livius;
1243 1753 1277 1797 5,
1295 1758 1348 1788 14.
1375 1754 1508 1799 quippe
1527 1773 1570 1778 —-
1592 1763 1733 1787 cernen—

988 1803 1094 1837 tibus.
1122 1801 1156 1844 8,
1182 1806 1215 1845 4,
1242 1805 1272 1836 5.
1307 1802 1439 1846 quippe
1463 1800 1734 1835 concedentibus

988 1861 1022 1885 u.
1049 1860 1082 1883 a.

1036 1906 1067 1931 c.
1083 1896 1143 1938 40,
1160 1898 1261 1929 1—9.
1284 1893 1535 1938 Stimmung
1553 1894 1597 1928 in
1610 1893 1673 1928 Ro
1687 1905 1733 1927 m.

987 1942 1261 1977 Ausmarsch
1288 1941 1365 1976 der
1390 1940 1605 1976 Konsuln.

1038 1994 1067 2024 1.
1095 1990 1166 2024 duo
1175 1989 1317 2033 pariter
1331 1988 1438 2034 bella]
1460 1987 1576 2031 „zwei
1594 1986 1734 2032 gleich-

989 2036 1121 2081 zeitige
1146 2036 1315 2080 Kriege“.

1037 2087 1068 2118 2.
1101 2094 1188 2127 quos
1219 2086 1292 2116 tam
1314 2082 1494 2126 propitios
1527 2082 1604 2124 fore
1636 2080 1732 2126 deos]

989 2130 1048 2165 die
1074 2129 1329 2164 rhetorischen
1355 2129 1500 2173 Fragen
1526 2127 1598 2162 mit
1622 2139 1733 2172 nega-

988 2177 1104 2212 tivem
1131 2176 1242 2211 Sinne
1267 2175 1390 2210 haben
1415 2175 1650 2220 gewohnlieh
1675 2174 1734 2208 dje

990 2223 1099 2259 Form
1126 2235 1198 2259 von
1222 2222 1477 2267 Haupts'atzen
1502 2222 1578 2256 und
1603 2221 1735 2256 stehen

988 2270 1026 2305 iu
1053 2272 1170 2306 oratio
1195 2270 1342 2314 obliqua
1366 2269 1417 2304 im
1443 2268 1624 2311 Infinitiv;
1660 2267 1734 2312 (26,

992 2321 1047 2360 35,
1072 2321 1115 2352 10
1147 2317 1243 2352 unde
1281 2336 1324 2342 —
1357 2319 1558 2361 paraturos
1589 2315 1736 2350 nai-ales

990 2366 1102 2400 socios
1111 2366 1157 2409 5³),
1178 2363 1236 2399 die
1250 2362 1533 2408 Abhangigkeit
1552 2374 1625 2398 von
1646 2373 1736 2397 cura

991 2415 1133 2456 anqeret
1159 2411 1209 2446 ist
1233 2421 1328 2456 ganz
1354 2410 1569 2444 auffallend.

1038 2458 1246 2504 utrubique]
1279 2457 1344 2493 auf
1370 2457 1496 2502 jedem
1520 2456 1666 2491 Punkte
1696 2455 1735 2490 in

991 2505 1081 2540 zwei
1094 2505 1346 2550 Richtungen3
1366 2503 1427 2539 bei
1440 2503 1516 2539 Liv.
1532 2502 1733 2538 mehrfach.

1038 2556 1069 2587 3.
1118 2553 1270 2587 adversa
1318 2551 1484 2586 secundis
1528 2549 1732 2594 pensando]

990 2599 1056 2634 das
1103 2599 1261 2643 Subjekt
1294 2599 1482 2641 fortunam
1525 2596 1612 2631 oder
1655 2597 1737 2631 deos

991 2646 1084 2680 wird
1097 2645 1136 2680 in
1150 2645 1268 2680 dieser
1285 2645 1346 2679 bei
1360 2644 1437 2678 Liv.
1453 2643 1558 2678 nicht
1572 2643 1737 2678 seltenen

992 2691 1185 2736 Metapher
1212 2691 1323 2726 meist
1353 2690 1457 2724 nicht
1481 2689 1734 2734 hinzugeffigt.

992 2738 1051 2781 26,
1078 2742 1134 2780 37,
1161 2742 1181 2773 5
1214 2738 1483 2773 transmarinae
1514 2747 1650 2781 quoque
1681 2747 1736 2771 res

992 2785 1147 2829 quadam
1173 2786 1246 2820 vice
1266 2788 1450 2829 pensatae.

1032 2831 1328 2877 praecipitasset]
1356 2843 1423 2875 „zu
1435 2830 1519 2865 Fall
1538 2830 1735 2866 110111111611ιι

992 2889 1021 2915 c.
1050 2882 1105 2921 16,
1132 2883 1163 2913 4.
