1926 3219
108 564 156 599 35

186 105 241 147 62
642 103 785 138 LIBER
810 104 956 138 XXVII.
1008 103 1109 138 CAP.
1137 108 1191 138 34.
1219 107 1274 138 35.

1501 125 1526 143 a.
1547 126 1574 144 u.
1595 120 1654 147 546.
1675 120 1736 146 547.

113 220 156 251 14
183 212 293 253 male
326 211 485 252 credito
510 211 652 264 priore
679 209 904 250 consulatu
927 209 1108 250 alterum
1136 209 1383 252 crederent?
1416 212 1520 253 haec
1550 213 1737 267 taliaque

182 272 430 324 arguentem
474 273 515 309 et
559 270 806 322 querentem
849 266 1122 321 castigabant
1164 270 1327 322 patres,
1382 271 1424 311 et
1467 269 1521 312 M.
1561 270 1736 312 Furium

181 332 469 369 memorantes
513 328 761 367 revocatum
805 324 855 365 de
901 325 1026 366 exilio
1071 326 1256 379 patriam
1300 326 1470 379 pulsam
1515 329 1611 370 sede
1662 343 1738 370 sua

180 386 442 437 restituisse3
486 387 533 425 ut
577 383 820 438 parentium
866 383 1089 424 saevitiam
1134 384 1193 425 sic
1236 384 1402 438 patriae
1448 387 1647 438 patiendo
1688 401 1736 429 ac

178 503 293 543 vium
326 501 544 542 consulem
576 500 778 542 fecerunt.

112 453 152 483 15
180 444 351 486 ferendo
377 442 617 484 leniendam
644 456 748 483 esse.
799 441 936 483 adnisi
963 456 1109 483 omnes
1137 456 1232 484 cum
1258 440 1363 495 <C.>
1392 441 1570 486 Claudio
1593 445 1648 488 M.
1667 445 1736 487 Li-

300 559 404 601 Post
444 559 556 601 diem
599 560 775 600 tertium
819 559 907 600 eius
953 558 1036 600 diei
1074 562 1321 613 praetorum
1362 559 1535 601 comitia
1575 560 1735 604 habita.

179 622 397 673 praetores
430 619 561 659 creati
592 617 637 659 L.
669 617 845 660 Porcius
879 617 1051 659 Licinus
1084 616 1128 659 G.
1159 617 1377 659 Mamilius
1411 616 1456 659 C.
1489 622 1533 659 et
1564 619 1614 660 A.
1647 619 1734 662 Ho-

180 678 284 719 stilii
322 676 521 719 Catones.

133 743 152 774 2
181 736 389 790 magister
434 736 624 790 equitum
669 735 927 789 magistratu
970 735 1181 776 abierunt.
1250 733 1294 777 C.

589 676 776 718 comitiis
814 676 1013 730 perfectis
1058 676 1251 731 ludisque
1295 676 1419 718 factis
1466 675 1649 718 dictator
1692 682 1735 719 et

1333 735 1556 776 Terentius
1597 734 1734 778 Varro

179 795 222 835 in
253 794 473 836 Etruriam
511 808 589 848 pro
628 797 824 848 praetore
866 794 1040 845 missus,
1077 797 1126 834 ut
1156 807 1207 834 ex
1239 808 1289 834 ea
1320 794 1538 847 provincia
1571 793 1614 835 C.
1647 793 1735 836 Ho-

179 853 319 894 stilius
356 853 590 894 Tarentum
628 852 680 893 ad
722 866 817 892 eum
855 851 1086 892 exercitum
1123 851 1222 902 iret,
1261 866 1385 906 quem
1424 852 1469 893 T.
1510 852 1734 902 Quinctius

131 920 150 950 3
178 912 325 954 consul
356 911 584 963 habuerat3
617 912 659 951 et
685 910 730 951 L.
756 909 944 951 Manlius
969 912 1089 951 trans
1116 924 1234 951 mare
1260 911 1426 965 legatus
1453 912 1534 952 iret
1559 912 1734 953 viseret-

178 985 275 1024 que,
309 984 414 1024 quae
446 983 513 1010 res
546 969 607 1010 ibi
640 970 906 1024 gererentur3
941 968 1085 1021 simul,
1118 968 1231 1022 quod
1264 967 1489 1023 Olympiae
1522 969 1732 1012 ludicrum

177 1043 226 1070 ea
264 1031 428 1070 aestate
467 1028 660 1069 futurum
698 1030 808 1081 erat,
847 1027 961 1081 quod
999 1026 1185 1068 maximo
1224 1030 1348 1068 coetu
1386 1026 1588 1069 Graeciae
1627 1029 1731 1070 cele-

176 1087 391 1152 braretur,
424 1090 488 1139 ut,
528 1087 564 1127 si
595 1088 689 1127 tuto
722 1100 798 1140 per
828 1085 1000 1127 hostem
1032 1088 1198 1140 posset,
1232 1085 1370 1127 adiret
1413 1086 1456 1126 id
1497 1087 1734 1141 concilium,

129 1154 151 1184 4
176 1148 236 1200 ut,
269 1146 340 1200 qui
368 1144 499 1187 Siculi
531 1145 644 1186 bello
677 1145 736 1185 ibi
768 1144 939 1199 profugi
971 1148 1045 1185 aut
1071 1143 1292 1185 Tarentini
1324 1145 1436 1185 cives
1469 1144 1649 1199 relegati
1679 1146 1731 1187 ab

175 1203 423 1245 Hannibale
469 1206 630 1257 essent,
674 1204 823 1244 domos
862 1203 1047 1244 redirent
1097 1203 1336 1257 scirentque
1375 1217 1451 1243 sua
1488 1204 1632 1244 omnia
1668 1204 1734 1258 iis,

177 1277 283 1317 quae
317 1266 414 1304 ante
447 1263 605 1303 bellum
636 1262 904 1316 habuissent,
935 1262 1110 1303 reddere
1141 1262 1347 1326 populum
1378 1261 1630 1303 Romanum.

296 1320 405 1370 Quia
442 1321 830 1375 periculosissimus
877 1335 1013 1362 annus
1058 1320 1266 1361 inminere
1311 1320 1554 1374 videbatur,
1598 1334 1733 1375 neque

176 1381 370 1421 consules
409 1380 452 1420 in
493 1394 537 1420 re
576 1380 751 1433 publica
791 1382 929 1433 erant,
972 1379 1017 1420 in
1055 1379 1248 1421 consules
1292 1379 1539 1433 designatos
1585 1393 1732 1421 omnes

175 1439 305 1491 versi,
350 1453 480 1493 quam
524 1439 710 1492 primum
755 1452 825 1480 eos
873 1438 1019 1479 sortiri
1064 1437 1303 1492 provincias
1349 1441 1392 1479 et
1434 1438 1734 1492 praesciscere,
1779 1436 1781 1438 ’

177 1512 303 1552 quam
337 1498 516 1551 quisque
549 1511 694 1538 eorum
726 1497 1001 1551 provinciam,
1035 1511 1161 1550 quem
1192 1496 1361 1537 hostem
1393 1496 1588 1550 haberet,
1621 1496 1731 1538 vole-

129 1564 148 1595 6
176 1556 294 1597 bant.
347 1556 396 1596 de
428 1556 775 1597 reconciliatione
809 1556 939 1596 etiam
972 1554 1137 1609 gratiae
1170 1568 1316 1595 eorum
1341 1555 1385 1596 in
1412 1557 1562 1595 senatu
1590 1558 1732 1596 actum

129 1623 147 1654 7
175 1618 241 1655 est
286 1614 497 1668 principio
539 1614 653 1656 facto
699 1628 723 1654 a
763 1613 810 1663 Q.
850 1613 985 1654 Fabio
1024 1612 1226 1654 Maximo.

1294 1612 1543 1654 inimicitiae
1589 1616 1732 1654 autem

173 1673 343 1714 nobiles
377 1673 488 1713 inter
521 1687 592 1714 eos
626 1675 748 1714 erant
780 1675 823 1713 et
856 1672 1094 1713 acerbiores
1127 1686 1197 1713 eas
1230 1671 1577 1726 indignioresque
1610 1671 1731 1713 Livio

175 1746 252 1773 sua
284 1732 505 1773 calamitas
538 1731 709 1786 fecerat,
742 1731 855 1786 quod
888 1733 1079 1785 spretum
1107 1745 1150 1772 se
1176 1730 1222 1771 in
1249 1744 1298 1771 ea
1322 1731 1496 1771 fortuna
1522 1730 1731 1771 credebat.

220 1870 312 1905 male
337 1870 485 1915 credito]
521 1882 627 1913 „zum
655 1870 825 1905 Schaden
851 1881 913 1905 an-

172 1919 371 1952 vertraut“.
412 1917 485 1962 vgl.
507 1918 540 1960 1,
562 1921 618 1962 50,
639 1921 671 1952 5.
698 1918 782 1952 bene
802 1918 913 1952 eredi-

173 1965 302 1999 derint.
324 1964 359 2006 2,
370 1968 400 2006 7,
412 1968 465 1998 11.
486 1965 612 1999 melius
621 1985 663 1989 —
672 1965 831 1999 ereditur
838 1976 871 1998 u.
881 1975 914 1999 a.

223 2015 276 2046 15.
304 2012 427 2046 adnisi
447 2011 581 2056 omnes]
601 2011 765 2046 namlieh
777 2015 914 2055 patres.

174 2078 217 2083 —
251 2058 325 2092 Das
357 2058 575 2101 Asyndeton
612 2058 696 2102 ftigt
732 2059 788 2093 als
819 2070 915 2092 sum-

173 2104 353 2139 mativum
390 2105 459 2139 den
498 2104 694 2139 Abschluss
731 2105 796 2139 der
826 2105 915 2139 Ver-

172 2151 365 2197 handlung
390 2163 446 2187 an.
481 2172 525 2177 —
557 2152 719 2186 adnitor:
758 2151 913 2186 verbum

172 2200 363 2243 proprium
411 2209 484 2233 von
534 2198 813 2244 Bestrebungen
855 2198 914 2233 fiir

173 2246 371 2280 Jemandes
397 2245 510 2280 Wahl
535 2258 568 2280 u.
596 2256 627 2280 a.

220 2301 255 2327 c.
276 2293 336 2335 35,
360 2297 389 2326 1.
428 2294 519 2327 diem
551 2294 697 2327 tertium
722 2293 798 2327 eius
823 2292 910 2337 diei]

173 2339 238 2373 der
277 2339 556 2374 hinzutretende
595 2339 743 2374 Genitiv
785 2339 834 2374 ist
874 2340 912 2374 in

172 2386 492 2431 Terminangaben
513 2386 573 2421 bei
586 2386 665 2420 Liv.
688 2386 822 2429 selten;
842 2386 911 2420 wie

172 2432 251 2467 hier
283 2433 378 2467 noch
399 2434 433 2475 S,
456 2437 509 2476 11,
533 2437 585 2468 15.
611 2436 691 2477 post
711 2434 803 2467 (liem
822 2434 914 2468 deei-

172 2491 269 2514 mum
288 2480 511 2515 Latinarum
533 2497 574 2509 =
594 2481 691 2515 nach
712 2479 795 2514 dem
816 2479 915 2514 Lati-

172 2527 325 2561 nischen
349 2527 466 2562 Feste.

220 2578 251 2608 3.
278 2575 373 2619 quod
399 2574 594 2619 ludicrum]
623 2574 672 2608 ist
698 2573 751 2608 als
772 2573 914 2618 Haupt-

171 2621 309 2666 begriff
321 2621 593 2666 vorangestellt
611 2621 686 2655 und
707 2621 799 2655 wird
819 2621 914 2655 nach

172 2668 243 2702 den
255 2668 573 2702 Zwisehensatzen
587 2668 656 2702 mit
670 2669 710 2702 id
724 2668 916 2703 concilium

173 2715 268 2749 noch
318 2715 454 2749 einmal
502 2715 797 2760 aufgenommen.
847 2714 916 2749 Die

174 2761 344 2805 Stellung
387 2762 451 2795 der
491 2761 740 2796 Relativsi‘itze
784 2762 834 2796 ist
876 2762 915 2796 in

171 2807 509 2843 Beschlussformen
535 2809 725 2843 mehrfach
754 2819 810 2850 so3
837 2808 911 2853 vgl.

173 2855 232 2900 23,
261 2859 315 2899 14,
342 2859 374 2889 3.
401 2856 464 2899 qui
489 2875 531 2880 —
559 2857 622 2899 qui
647 2875 692 2881 -
719 2866 784 2891 cos.

1034 1874 1066 1905 4.
1093 1873 1133 1904 ut
1153 1889 1196 1894 —
1218 1869 1335 1903 adiret
1352 1889 1394 1894 —
1411 1868 1466 1914 ut]
1492 1868 1557 1903 das
1579 1870 1673 1904 erste
1693 1872 1733 1904 ut

986 1917 1037 1951 ist
1049 1916 1264 1960 Einleitung
1278 1916 1341 1950 des
1355 1915 1732 1960 Senatsbeschlusses,

988 1963 1052 1998 das
1064 1962 1191 1998 zweite
1211 1963 1427 1997 bezeichnet
1438 1963 1509 1998 den
1523 1962 1654 1998 Zweck
1669 1963 1732 1997 der

989 2010 1173 2054 Sendung.
1197 2013 1332 2053 c.27‚2.
1353 2011 1496 2054 siynum
1510 2010 1618 2053 dedit,
1634 2013 1674 2044 ut
1688 2029 1731 2035 —

987 2058 1086 2092 miles
1104 2060 1189 2091 esset
1201 2060 1370 2100 paratus,
1387 2060 1427 2090 ut
1451 2077 1493 2081 -—
1518 2060 1730 2101 sequeretur.

1035 2104 1249 2148 scirentque]
1291 2103 1394 2146 „und
1440 2114 1479 2137 so
1518 2103 1729 2138 erfiihren“.

986 2151 1046 2195 29,
1076 2155 1128 2194 17,
1158 2155 1210 2185 17.
1238 2151 1406 2195 miretur,
1432 2151 1495 2194 qui
1519 2151 1627 2185 sciat:
1657 2161 1732 2185 wer

986 2209 1024 2232 es
1051 2198 1201 2232 erfahrt.

1034 2249 1064 2279 5.
1098 2243 1354 2289 praesciscere]
1389 2243 1448 2278 ein
1483 2243 1730 2287 archaisches,

986 2302 1057 2326 von
1083 2291 1160 2325 Liv.
1193 2291 1330 2325 wieder
1355 2290 1605 2335 eingefiihrtes
1636 2290 1730 2325 Zeit-

985 2340 1090 2381 wort,
1118 2338 1212 2372 auch
1239 2337 1299 2371 bei
1325 2337 1403 2371 ihm
1429 2337 1556 2372 selten.

1032 2396 1138 2429 quam
1163 2384 1326 2429 quisque]
1358 2384 1506 2428 quisque
1536 2394 1609 2418 von
1640 2383 1730 2418 zwei

987 2432 1185 2474 Personen,
1210 2433 1279 2465 wie
1307 2442 1335 2465 c.
1356 2435 1412 2475 27,
1427 2435 1446 2465 5
1474 2431 1633 2475 undique
1657 2441 1729 2465 von

987 2479 1077 2513 zwei
1102 2479 1348 2522 Richtungen.

1037 2530 1065 2560 7.
1088 2526 1303 2560 inimicitiae
1316 2528 1433 2560 autem
1446 2523 1595 2568 nobiles]
1611 2526 1728 2558 autem

987 2572 1035 2607 ist
1066 2572 1279 2615 erkl'arend,
1304 2570 1374 2606 wie
1405 2571 1444 2605 in
1468 2570 1726 2605 Parenthesen.

989 2631 1018 2654 c.
1046 2623 1102 2663 28,
1130 2623 1147 2653 7
1171 2619 1330 2663 perfuga
1355 2621 1481 2653 autem.

1035 2677 1103 2701 sua
1140 2665 1344 2709 calamitas]
1379 2664 1443 2698 das
1479 2663 1727 2708 Reflexivpro-

987 2724 1122 2748 nomen
1152 2713 1202 2747 ist
1232 2713 1298 2747 auf
1324 2712 1395 2746 den
1426 2721 1531 2745 casus
1561 2711 1728 2755 obliquus

987 2761 1166 2805 bezogen,
1204 2769 1278 2793 was
1315 2758 1543 2793 namentlich
1587 2758 1624 2792 111
1663 2757 1727 2792 der

985 2807 1220 2850 Bedeutung:
1256 2805 1356 2849 „sein
1393 2805 1522 2850 eigen“
1553 2804 1614 2839 bei
1648 2803 1726 2838 Liv.

984 2854 1089 2888 nicht
1114 2852 1231 2888 selten
1257 2853 1315 2888 ist.
